"REF_DATE","GEO","DGUID","Vehicle type","Origin of manufacture","Sales","Seasonal adjustment","UOM","UOM_ID","SCALAR_FACTOR","SCALAR_ID","VECTOR","COORDINATE","VALUE","STATUS","SYMBOL","TERMINATED","DECIMALS"
"1946-01","Canada","2016A000011124","Total, new motor vehicles","Total, country of manufacture","Units","Unadjusted","Units","300","units","0","v42169911","1.1.1.1.1","2756","","","","0"
"1946-02","Canada","2016A000011124","Total, new motor vehicles","Total, country of manufacture","Units","Unadjusted","Units","300","units","0","v42169911","1.1.1.1.1","3763","","","","0"
"1946-03","Canada","2016A000011124","Total, new motor vehicles","Total, country of manufacture","Units","Unadjusted","Units","300","units","0","v42169911","1.1.1.1.1","7200","","","","0"
"1946-04","Canada","2016A000011124","Total, new motor vehicles","Total, country of manufacture","Units","Unadjusted","Units","300","units","0","v42169911","1.1.1.1.1","9645","","","","0"
"1946-05","Canada","2016A000011124","Total, new motor vehicles","Total, country of manufacture","Units","Unadjusted","Units","300","units","0","v42169911","1.1.1.1.1","12032","","","","0"
"1946-06","Canada","2016A000011124","Total, new motor vehicles","Total, country of manufacture","Units","Unadjusted","Units","300","units","0","v42169911","1.1.1.1.1","13388","","","","0"
"1946-07","Canada","2016A000011124","Total, new motor vehicles","Total, country of manufacture","Units","Unadjusted","Units","300","units","0","v42169911","1.1.1.1.1","13705","","","","0"
"1946-08","Canada","2016A000011124","Total, new motor vehicles","Total, country of manufacture","Units","Unadjusted","Units","300","units","0","v42169911","1.1.1.1.1","9753","","","","0"
"1946-09","Canada","2016A000011124","Total, new motor vehicles","Total, country of manufacture","Units","Unadjusted","Units","300","units","0","v42169911","1.1.1.1.1","10154","","","","0"
"1946-10","Canada","2016A000011124","Total, new motor vehicles","Total, country of manufacture","Units","Unadjusted","Units","300","units","0","v42169911","1.1.1.1.1","11462","","","","0"
"1946-11","Canada","2016A000011124","Total, new motor vehicles","Total, country of manufacture","Units","Unadjusted","Units","300","units","0","v42169911","1.1.1.1.1","13497","","","","0"
"1946-12","Canada","2016A000011124","Total, new motor vehicles","Total, country of manufacture","Units","Unadjusted","Units","300","units","0","v42169911","1.1.1.1.1","12689","","","","0"
"1947-01","Canada","2016A000011124","Total, new motor vehicles","Total, country of manufacture","Units","Unadjusted","Units","300","units","0","v42169911","1.1.1.1.1","13977","","","","0"
"1947-02","Canada","2016A000011124","Total, new motor vehicles","Total, country of manufacture","Units","Unadjusted","Units","300","units","0","v42169911","1.1.1.1.1","15806","","","","0"
"1947-03","Canada","2016A000011124","Total, new motor vehicles","Total, country of manufacture","Units","Unadjusted","Units","300","units","0","v42169911","1.1.1.1.1","18237","","","","0"
"1947-04","Canada","2016A000011124","Total, new motor vehicles","Total, country of manufacture","Units","Unadjusted","Units","300","units","0","v42169911","1.1.1.1.1","19176","","","","0"
"1947-05","Canada","2016A000011124","Total, new motor vehicles","Total, country of manufacture","Units","Unadjusted","Units","300","units","0","v42169911","1.1.1.1.1","19105","","","","0"
"1947-06","Canada","2016A000011124","Total, new motor vehicles","Total, country of manufacture","Units","Unadjusted","Units","300","units","0","v42169911","1.1.1.1.1","20688","","","","0"
"1947-07","Canada","2016A000011124","Total, new motor vehicles","Total, country of manufacture","Units","Unadjusted","Units","300","units","0","v42169911","1.1.1.1.1","20696","","","","0"
"1947-08","Canada","2016A000011124","Total, new motor vehicles","Total, country of manufacture","Units","Unadjusted","Units","300","units","0","v42169911","1.1.1.1.1","17094","","","","0"
"1947-09","Canada","2016A000011124","Total, new motor vehicles","Total, country of manufacture","Units","Unadjusted","Units","300","units","0","v42169911","1.1.1.1.1","23491","","","","0"
"1947-10","Canada","2016A000011124","Total, new motor vehicles","Total, country of manufacture","Units","Unadjusted","Units","300","units","0","v42169911","1.1.1.1.1","23647","","","","0"
"1947-11","Canada","2016A000011124","Total, new motor vehicles","Total, country of manufacture","Units","Unadjusted","Units","300","units","0","v42169911","1.1.1.1.1","20690","","","","0"
"1947-12","Canada","2016A000011124","Total, new motor vehicles","Total, country of manufacture","Units","Unadjusted","Units","300","units","0","v42169911","1.1.1.1.1","17648","","","","0"
"1948-01","Canada","2016A000011124","Total, new motor vehicles","Total, country of manufacture","Units","Unadjusted","Units","300","units","0","v42169911","1.1.1.1.1","13704","","","","0"
"1948-02","Canada","2016A000011124","Total, new motor vehicles","Total, country of manufacture","Units","Unadjusted","Units","300","units","0","v42169911","1.1.1.1.1","13193","","","","0"
"1948-03","Canada","2016A000011124","Total, new motor vehicles","Total, country of manufacture","Units","Unadjusted","Units","300","units","0","v42169911","1.1.1.1.1","20974","","","","0"
"1948-04","Canada","2016A000011124","Total, new motor vehicles","Total, country of manufacture","Units","Unadjusted","Units","300","units","0","v42169911","1.1.1.1.1","19286","","","","0"
"1948-05","Canada","2016A000011124","Total, new motor vehicles","Total, country of manufacture","Units","Unadjusted","Units","300","units","0","v42169911","1.1.1.1.1","18751","","","","0"
"1948-06","Canada","2016A000011124","Total, new motor vehicles","Total, country of manufacture","Units","Unadjusted","Units","300","units","0","v42169911","1.1.1.1.1","21626","","","","0"
"1948-07","Canada","2016A000011124","Total, new motor vehicles","Total, country of manufacture","Units","Unadjusted","Units","300","units","0","v42169911","1.1.1.1.1","16164","","","","0"
"1948-08","Canada","2016A000011124","Total, new motor vehicles","Total, country of manufacture","Units","Unadjusted","Units","300","units","0","v42169911","1.1.1.1.1","13676","","","","0"
"1948-09","Canada","2016A000011124","Total, new motor vehicles","Total, country of manufacture","Units","Unadjusted","Units","300","units","0","v42169911","1.1.1.1.1","19007","","","","0"
"1948-10","Canada","2016A000011124","Total, new motor vehicles","Total, country of manufacture","Units","Unadjusted","Units","300","units","0","v42169911","1.1.1.1.1","21110","","","","0"
"1948-11","Canada","2016A000011124","Total, new motor vehicles","Total, country of manufacture","Units","Unadjusted","Units","300","units","0","v42169911","1.1.1.1.1","22345","","","","0"
"1948-12","Canada","2016A000011124","Total, new motor vehicles","Total, country of manufacture","Units","Unadjusted","Units","300","units","0","v42169911","1.1.1.1.1","21464","","","","0"
"1949-01","Canada","2016A000011124","Total, new motor vehicles","Total, country of manufacture","Units","Unadjusted","Units","300","units","0","v42169911","1.1.1.1.1","11838","","","","0"
"1949-02","Canada","2016A000011124","Total, new motor vehicles","Total, country of manufacture","Units","Unadjusted","Units","300","units","0","v42169911","1.1.1.1.1","15301","","","","0"
"1949-03","Canada","2016A000011124","Total, new motor vehicles","Total, country of manufacture","Units","Unadjusted","Units","300","units","0","v42169911","1.1.1.1.1","25054","","","","0"
"1949-04","Canada","2016A000011124","Total, new motor vehicles","Total, country of manufacture","Units","Unadjusted","Units","300","units","0","v42169911","1.1.1.1.1","29314","","","","0"
"1949-05","Canada","2016A000011124","Total, new motor vehicles","Total, country of manufacture","Units","Unadjusted","Units","300","units","0","v42169911","1.1.1.1.1","28385","","","","0"
"1949-06","Canada","2016A000011124","Total, new motor vehicles","Total, country of manufacture","Units","Unadjusted","Units","300","units","0","v42169911","1.1.1.1.1","27829","","","","0"
"1949-07","Canada","2016A000011124","Total, new motor vehicles","Total, country of manufacture","Units","Unadjusted","Units","300","units","0","v42169911","1.1.1.1.1","29177","","","","0"
"1949-08","Canada","2016A000011124","Total, new motor vehicles","Total, country of manufacture","Units","Unadjusted","Units","300","units","0","v42169911","1.1.1.1.1","18561","","","","0"
"1949-09","Canada","2016A000011124","Total, new motor vehicles","Total, country of manufacture","Units","Unadjusted","Units","300","units","0","v42169911","1.1.1.1.1","28239","","","","0"
"1949-10","Canada","2016A000011124","Total, new motor vehicles","Total, country of manufacture","Units","Unadjusted","Units","300","units","0","v42169911","1.1.1.1.1","30722","","","","0"
"1949-11","Canada","2016A000011124","Total, new motor vehicles","Total, country of manufacture","Units","Unadjusted","Units","300","units","0","v42169911","1.1.1.1.1","19700","","","","0"
"1949-12","Canada","2016A000011124","Total, new motor vehicles","Total, country of manufacture","Units","Unadjusted","Units","300","units","0","v42169911","1.1.1.1.1","22221","","","","0"
"1950-01","Canada","2016A000011124","Total, new motor vehicles","Total, country of manufacture","Units","Unadjusted","Units","300","units","0","v42169911","1.1.1.1.1","26998","","","","0"
"1950-02","Canada","2016A000011124","Total, new motor vehicles","Total, country of manufacture","Units","Unadjusted","Units","300","units","0","v42169911","1.1.1.1.1","30000","","","","0"
"1950-03","Canada","2016A000011124","Total, new motor vehicles","Total, country of manufacture","Units","Unadjusted","Units","300","units","0","v42169911","1.1.1.1.1","35324","","","","0"
"1950-04","Canada","2016A000011124","Total, new motor vehicles","Total, country of manufacture","Units","Unadjusted","Units","300","units","0","v42169911","1.1.1.1.1","37084","","","","0"
"1950-05","Canada","2016A000011124","Total, new motor vehicles","Total, country of manufacture","Units","Unadjusted","Units","300","units","0","v42169911","1.1.1.1.1","40645","","","","0"
"1950-06","Canada","2016A000011124","Total, new motor vehicles","Total, country of manufacture","Units","Unadjusted","Units","300","units","0","v42169911","1.1.1.1.1","45895","","","","0"
"1950-07","Canada","2016A000011124","Total, new motor vehicles","Total, country of manufacture","Units","Unadjusted","Units","300","units","0","v42169911","1.1.1.1.1","43914","","","","0"
"1950-08","Canada","2016A000011124","Total, new motor vehicles","Total, country of manufacture","Units","Unadjusted","Units","300","units","0","v42169911","1.1.1.1.1","32900","","","","0"
"1950-09","Canada","2016A000011124","Total, new motor vehicles","Total, country of manufacture","Units","Unadjusted","Units","300","units","0","v42169911","1.1.1.1.1","39044","","","","0"
"1950-10","Canada","2016A000011124","Total, new motor vehicles","Total, country of manufacture","Units","Unadjusted","Units","300","units","0","v42169911","1.1.1.1.1","35811","","","","0"
"1950-11","Canada","2016A000011124","Total, new motor vehicles","Total, country of manufacture","Units","Unadjusted","Units","300","units","0","v42169911","1.1.1.1.1","32752","","","","0"
"1950-12","Canada","2016A000011124","Total, new motor vehicles","Total, country of manufacture","Units","Unadjusted","Units","300","units","0","v42169911","1.1.1.1.1","29328","","","","0"
"1951-01","Canada","2016A000011124","Total, new motor vehicles","Total, country of manufacture","Units","Unadjusted","Units","300","units","0","v42169911","1.1.1.1.1","33724","","","","0"
"1951-02","Canada","2016A000011124","Total, new motor vehicles","Total, country of manufacture","Units","Unadjusted","Units","300","units","0","v42169911","1.1.1.1.1","43576","","","","0"
"1951-03","Canada","2016A000011124","Total, new motor vehicles","Total, country of manufacture","Units","Unadjusted","Units","300","units","0","v42169911","1.1.1.1.1","49612","","","","0"
"1951-04","Canada","2016A000011124","Total, new motor vehicles","Total, country of manufacture","Units","Unadjusted","Units","300","units","0","v42169911","1.1.1.1.1","46180","","","","0"
"1951-05","Canada","2016A000011124","Total, new motor vehicles","Total, country of manufacture","Units","Unadjusted","Units","300","units","0","v42169911","1.1.1.1.1","36445","","","","0"
"1951-06","Canada","2016A000011124","Total, new motor vehicles","Total, country of manufacture","Units","Unadjusted","Units","300","units","0","v42169911","1.1.1.1.1","32680","","","","0"
"1951-07","Canada","2016A000011124","Total, new motor vehicles","Total, country of manufacture","Units","Unadjusted","Units","300","units","0","v42169911","1.1.1.1.1","29260","","","","0"
"1951-08","Canada","2016A000011124","Total, new motor vehicles","Total, country of manufacture","Units","Unadjusted","Units","300","units","0","v42169911","1.1.1.1.1","21631","","","","0"
"1951-09","Canada","2016A000011124","Total, new motor vehicles","Total, country of manufacture","Units","Unadjusted","Units","300","units","0","v42169911","1.1.1.1.1","27996","","","","0"
"1951-10","Canada","2016A000011124","Total, new motor vehicles","Total, country of manufacture","Units","Unadjusted","Units","300","units","0","v42169911","1.1.1.1.1","22801","","","","0"
"1951-11","Canada","2016A000011124","Total, new motor vehicles","Total, country of manufacture","Units","Unadjusted","Units","300","units","0","v42169911","1.1.1.1.1","21936","","","","0"
"1951-12","Canada","2016A000011124","Total, new motor vehicles","Total, country of manufacture","Units","Unadjusted","Units","300","units","0","v42169911","1.1.1.1.1","19807","","","","0"
"1952-01","Canada","2016A000011124","Total, new motor vehicles","Total, country of manufacture","Units","Unadjusted","Units","300","units","0","v42169911","1.1.1.1.1","20311","","","","0"
"1952-02","Canada","2016A000011124","Total, new motor vehicles","Total, country of manufacture","Units","Unadjusted","Units","300","units","0","v42169911","1.1.1.1.1","25131","","","","0"
"1952-03","Canada","2016A000011124","Total, new motor vehicles","Total, country of manufacture","Units","Unadjusted","Units","300","units","0","v42169911","1.1.1.1.1","32764","","","","0"
"1952-04","Canada","2016A000011124","Total, new motor vehicles","Total, country of manufacture","Units","Unadjusted","Units","300","units","0","v42169911","1.1.1.1.1","41046","","","","0"
"1952-05","Canada","2016A000011124","Total, new motor vehicles","Total, country of manufacture","Units","Unadjusted","Units","300","units","0","v42169911","1.1.1.1.1","50143","","","","0"
"1952-06","Canada","2016A000011124","Total, new motor vehicles","Total, country of manufacture","Units","Unadjusted","Units","300","units","0","v42169911","1.1.1.1.1","43171","","","","0"
"1952-07","Canada","2016A000011124","Total, new motor vehicles","Total, country of manufacture","Units","Unadjusted","Units","300","units","0","v42169911","1.1.1.1.1","38133","","","","0"
"1952-08","Canada","2016A000011124","Total, new motor vehicles","Total, country of manufacture","Units","Unadjusted","Units","300","units","0","v42169911","1.1.1.1.1","26829","","","","0"
"1952-09","Canada","2016A000011124","Total, new motor vehicles","Total, country of manufacture","Units","Unadjusted","Units","300","units","0","v42169911","1.1.1.1.1","31936","","","","0"
"1952-10","Canada","2016A000011124","Total, new motor vehicles","Total, country of manufacture","Units","Unadjusted","Units","300","units","0","v42169911","1.1.1.1.1","33889","","","","0"
"1952-11","Canada","2016A000011124","Total, new motor vehicles","Total, country of manufacture","Units","Unadjusted","Units","300","units","0","v42169911","1.1.1.1.1","32176","","","","0"
"1952-12","Canada","2016A000011124","Total, new motor vehicles","Total, country of manufacture","Units","Unadjusted","Units","300","units","0","v42169911","1.1.1.1.1","25248","","","","0"
"1953-01","Canada","2016A000011124","Total, new motor vehicles","Total, country of manufacture","Units","Unadjusted","Units","300","units","0","v42169911","1.1.1.1.1","30203","","","","0"
"1953-02","Canada","2016A000011124","Total, new motor vehicles","Total, country of manufacture","Units","Unadjusted","Units","300","units","0","v42169911","1.1.1.1.1","38528","","","","0"
"1953-03","Canada","2016A000011124","Total, new motor vehicles","Total, country of manufacture","Units","Unadjusted","Units","300","units","0","v42169911","1.1.1.1.1","49999","","","","0"
"1953-04","Canada","2016A000011124","Total, new motor vehicles","Total, country of manufacture","Units","Unadjusted","Units","300","units","0","v42169911","1.1.1.1.1","56261","","","","0"
"1953-05","Canada","2016A000011124","Total, new motor vehicles","Total, country of manufacture","Units","Unadjusted","Units","300","units","0","v42169911","1.1.1.1.1","52978","","","","0"
"1953-06","Canada","2016A000011124","Total, new motor vehicles","Total, country of manufacture","Units","Unadjusted","Units","300","units","0","v42169911","1.1.1.1.1","46691","","","","0"
"1953-07","Canada","2016A000011124","Total, new motor vehicles","Total, country of manufacture","Units","Unadjusted","Units","300","units","0","v42169911","1.1.1.1.1","42801","","","","0"
"1953-08","Canada","2016A000011124","Total, new motor vehicles","Total, country of manufacture","Units","Unadjusted","Units","300","units","0","v42169911","1.1.1.1.1","29040","","","","0"
"1953-09","Canada","2016A000011124","Total, new motor vehicles","Total, country of manufacture","Units","Unadjusted","Units","300","units","0","v42169911","1.1.1.1.1","30029","","","","0"
"1953-10","Canada","2016A000011124","Total, new motor vehicles","Total, country of manufacture","Units","Unadjusted","Units","300","units","0","v42169911","1.1.1.1.1","32781","","","","0"
"1953-11","Canada","2016A000011124","Total, new motor vehicles","Total, country of manufacture","Units","Unadjusted","Units","300","units","0","v42169911","1.1.1.1.1","28140","","","","0"
"1953-12","Canada","2016A000011124","Total, new motor vehicles","Total, country of manufacture","Units","Unadjusted","Units","300","units","0","v42169911","1.1.1.1.1","25075","","","","0"
"1954-01","Canada","2016A000011124","Total, new motor vehicles","Total, country of manufacture","Units","Unadjusted","Units","300","units","0","v42169911","1.1.1.1.1","23150","","","","0"
"1954-02","Canada","2016A000011124","Total, new motor vehicles","Total, country of manufacture","Units","Unadjusted","Units","300","units","0","v42169911","1.1.1.1.1","30082","","","","0"
"1954-03","Canada","2016A000011124","Total, new motor vehicles","Total, country of manufacture","Units","Unadjusted","Units","300","units","0","v42169911","1.1.1.1.1","44944","","","","0"
"1954-04","Canada","2016A000011124","Total, new motor vehicles","Total, country of manufacture","Units","Unadjusted","Units","300","units","0","v42169911","1.1.1.1.1","47279","","","","0"
"1954-05","Canada","2016A000011124","Total, new motor vehicles","Total, country of manufacture","Units","Unadjusted","Units","300","units","0","v42169911","1.1.1.1.1","44108","","","","0"
"1954-06","Canada","2016A000011124","Total, new motor vehicles","Total, country of manufacture","Units","Unadjusted","Units","300","units","0","v42169911","1.1.1.1.1","38736","","","","0"
"1954-07","Canada","2016A000011124","Total, new motor vehicles","Total, country of manufacture","Units","Unadjusted","Units","300","units","0","v42169911","1.1.1.1.1","33726","","","","0"
"1954-08","Canada","2016A000011124","Total, new motor vehicles","Total, country of manufacture","Units","Unadjusted","Units","300","units","0","v42169911","1.1.1.1.1","27480","","","","0"
"1954-09","Canada","2016A000011124","Total, new motor vehicles","Total, country of manufacture","Units","Unadjusted","Units","300","units","0","v42169911","1.1.1.1.1","28355","","","","0"
"1954-10","Canada","2016A000011124","Total, new motor vehicles","Total, country of manufacture","Units","Unadjusted","Units","300","units","0","v42169911","1.1.1.1.1","20812","","","","0"
"1954-11","Canada","2016A000011124","Total, new motor vehicles","Total, country of manufacture","Units","Unadjusted","Units","300","units","0","v42169911","1.1.1.1.1","20614","","","","0"
"1954-12","Canada","2016A000011124","Total, new motor vehicles","Total, country of manufacture","Units","Unadjusted","Units","300","units","0","v42169911","1.1.1.1.1","23342","","","","0"
"1955-01","Canada","2016A000011124","Total, new motor vehicles","Total, country of manufacture","Units","Unadjusted","Units","300","units","0","v42169911","1.1.1.1.1","21386","","","","0"
"1955-02","Canada","2016A000011124","Total, new motor vehicles","Total, country of manufacture","Units","Unadjusted","Units","300","units","0","v42169911","1.1.1.1.1","26296","","","","0"
"1955-03","Canada","2016A000011124","Total, new motor vehicles","Total, country of manufacture","Units","Unadjusted","Units","300","units","0","v42169911","1.1.1.1.1","35624","","","","0"
"1955-04","Canada","2016A000011124","Total, new motor vehicles","Total, country of manufacture","Units","Unadjusted","Units","300","units","0","v42169911","1.1.1.1.1","53911","","","","0"
"1955-05","Canada","2016A000011124","Total, new motor vehicles","Total, country of manufacture","Units","Unadjusted","Units","300","units","0","v42169911","1.1.1.1.1","61049","","","","0"
"1955-06","Canada","2016A000011124","Total, new motor vehicles","Total, country of manufacture","Units","Unadjusted","Units","300","units","0","v42169911","1.1.1.1.1","54913","","","","0"
"1955-07","Canada","2016A000011124","Total, new motor vehicles","Total, country of manufacture","Units","Unadjusted","Units","300","units","0","v42169911","1.1.1.1.1","47434","","","","0"
"1955-08","Canada","2016A000011124","Total, new motor vehicles","Total, country of manufacture","Units","Unadjusted","Units","300","units","0","v42169911","1.1.1.1.1","42045","","","","0"
"1955-09","Canada","2016A000011124","Total, new motor vehicles","Total, country of manufacture","Units","Unadjusted","Units","300","units","0","v42169911","1.1.1.1.1","31844","","","","0"
"1955-10","Canada","2016A000011124","Total, new motor vehicles","Total, country of manufacture","Units","Unadjusted","Units","300","units","0","v42169911","1.1.1.1.1","33418","","","","0"
"1955-11","Canada","2016A000011124","Total, new motor vehicles","Total, country of manufacture","Units","Unadjusted","Units","300","units","0","v42169911","1.1.1.1.1","28962","","","","0"
"1955-12","Canada","2016A000011124","Total, new motor vehicles","Total, country of manufacture","Units","Unadjusted","Units","300","units","0","v42169911","1.1.1.1.1","28796","","","","0"
"1956-01","Canada","2016A000011124","Total, new motor vehicles","Total, country of manufacture","Units","Unadjusted","Units","300","units","0","v42169911","1.1.1.1.1","21317","","","","0"
"1956-02","Canada","2016A000011124","Total, new motor vehicles","Total, country of manufacture","Units","Unadjusted","Units","300","units","0","v42169911","1.1.1.1.1","28533","","","","0"
"1956-03","Canada","2016A000011124","Total, new motor vehicles","Total, country of manufacture","Units","Unadjusted","Units","300","units","0","v42169911","1.1.1.1.1","43339","","","","0"
"1956-04","Canada","2016A000011124","Total, new motor vehicles","Total, country of manufacture","Units","Unadjusted","Units","300","units","0","v42169911","1.1.1.1.1","58454","","","","0"
"1956-05","Canada","2016A000011124","Total, new motor vehicles","Total, country of manufacture","Units","Unadjusted","Units","300","units","0","v42169911","1.1.1.1.1","65438","","","","0"
"1956-06","Canada","2016A000011124","Total, new motor vehicles","Total, country of manufacture","Units","Unadjusted","Units","300","units","0","v42169911","1.1.1.1.1","58587","","","","0"
"1956-07","Canada","2016A000011124","Total, new motor vehicles","Total, country of manufacture","Units","Unadjusted","Units","300","units","0","v42169911","1.1.1.1.1","51564","","","","0"
"1956-08","Canada","2016A000011124","Total, new motor vehicles","Total, country of manufacture","Units","Unadjusted","Units","300","units","0","v42169911","1.1.1.1.1","42468","","","","0"
"1956-09","Canada","2016A000011124","Total, new motor vehicles","Total, country of manufacture","Units","Unadjusted","Units","300","units","0","v42169911","1.1.1.1.1","33578","","","","0"
"1956-10","Canada","2016A000011124","Total, new motor vehicles","Total, country of manufacture","Units","Unadjusted","Units","300","units","0","v42169911","1.1.1.1.1","33963","","","","0"
"1956-11","Canada","2016A000011124","Total, new motor vehicles","Total, country of manufacture","Units","Unadjusted","Units","300","units","0","v42169911","1.1.1.1.1","31398","","","","0"
"1956-12","Canada","2016A000011124","Total, new motor vehicles","Total, country of manufacture","Units","Unadjusted","Units","300","units","0","v42169911","1.1.1.1.1","31282","","","","0"
"1957-01","Canada","2016A000011124","Total, new motor vehicles","Total, country of manufacture","Units","Unadjusted","Units","300","units","0","v42169911","1.1.1.1.1","32745","","","","0"
"1957-02","Canada","2016A000011124","Total, new motor vehicles","Total, country of manufacture","Units","Unadjusted","Units","300","units","0","v42169911","1.1.1.1.1","32342","","","","0"
"1957-03","Canada","2016A000011124","Total, new motor vehicles","Total, country of manufacture","Units","Unadjusted","Units","300","units","0","v42169911","1.1.1.1.1","45749","","","","0"
"1957-04","Canada","2016A000011124","Total, new motor vehicles","Total, country of manufacture","Units","Unadjusted","Units","300","units","0","v42169911","1.1.1.1.1","55357","","","","0"
"1957-05","Canada","2016A000011124","Total, new motor vehicles","Total, country of manufacture","Units","Unadjusted","Units","300","units","0","v42169911","1.1.1.1.1","54527","","","","0"
"1957-06","Canada","2016A000011124","Total, new motor vehicles","Total, country of manufacture","Units","Unadjusted","Units","300","units","0","v42169911","1.1.1.1.1","45864","","","","0"
"1957-07","Canada","2016A000011124","Total, new motor vehicles","Total, country of manufacture","Units","Unadjusted","Units","300","units","0","v42169911","1.1.1.1.1","42498","","","","0"
"1957-08","Canada","2016A000011124","Total, new motor vehicles","Total, country of manufacture","Units","Unadjusted","Units","300","units","0","v42169911","1.1.1.1.1","37902","","","","0"
"1957-09","Canada","2016A000011124","Total, new motor vehicles","Total, country of manufacture","Units","Unadjusted","Units","300","units","0","v42169911","1.1.1.1.1","32131","","","","0"
"1957-10","Canada","2016A000011124","Total, new motor vehicles","Total, country of manufacture","Units","Unadjusted","Units","300","units","0","v42169911","1.1.1.1.1","25773","","","","0"
"1957-11","Canada","2016A000011124","Total, new motor vehicles","Total, country of manufacture","Units","Unadjusted","Units","300","units","0","v42169911","1.1.1.1.1","26307","","","","0"
"1957-12","Canada","2016A000011124","Total, new motor vehicles","Total, country of manufacture","Units","Unadjusted","Units","300","units","0","v42169911","1.1.1.1.1","27104","","","","0"
"1958-01","Canada","2016A000011124","Total, new motor vehicles","Total, country of manufacture","Units","Unadjusted","Units","300","units","0","v42169911","1.1.1.1.1","30966","","","","0"
"1958-02","Canada","2016A000011124","Total, new motor vehicles","Total, country of manufacture","Units","Unadjusted","Units","300","units","0","v42169911","1.1.1.1.1","31636","","","","0"
"1958-03","Canada","2016A000011124","Total, new motor vehicles","Total, country of manufacture","Units","Unadjusted","Units","300","units","0","v42169911","1.1.1.1.1","40596","","","","0"
"1958-04","Canada","2016A000011124","Total, new motor vehicles","Total, country of manufacture","Units","Unadjusted","Units","300","units","0","v42169911","1.1.1.1.1","50828","","","","0"
"1958-05","Canada","2016A000011124","Total, new motor vehicles","Total, country of manufacture","Units","Unadjusted","Units","300","units","0","v42169911","1.1.1.1.1","46879","","","","0"
"1958-06","Canada","2016A000011124","Total, new motor vehicles","Total, country of manufacture","Units","Unadjusted","Units","300","units","0","v42169911","1.1.1.1.1","44840","","","","0"
"1958-07","Canada","2016A000011124","Total, new motor vehicles","Total, country of manufacture","Units","Unadjusted","Units","300","units","0","v42169911","1.1.1.1.1","40980","","","","0"
"1958-08","Canada","2016A000011124","Total, new motor vehicles","Total, country of manufacture","Units","Unadjusted","Units","300","units","0","v42169911","1.1.1.1.1","30638","","","","0"
"1958-09","Canada","2016A000011124","Total, new motor vehicles","Total, country of manufacture","Units","Unadjusted","Units","300","units","0","v42169911","1.1.1.1.1","26761","","","","0"
"1958-10","Canada","2016A000011124","Total, new motor vehicles","Total, country of manufacture","Units","Unadjusted","Units","300","units","0","v42169911","1.1.1.1.1","33728","","","","0"
"1958-11","Canada","2016A000011124","Total, new motor vehicles","Total, country of manufacture","Units","Unadjusted","Units","300","units","0","v42169911","1.1.1.1.1","31849","","","","0"
"1958-12","Canada","2016A000011124","Total, new motor vehicles","Total, country of manufacture","Units","Unadjusted","Units","300","units","0","v42169911","1.1.1.1.1","35068","","","","0"
"1959-01","Canada","2016A000011124","Total, new motor vehicles","Total, country of manufacture","Units","Unadjusted","Units","300","units","0","v42169911","1.1.1.1.1","32397","","","","0"
"1959-02","Canada","2016A000011124","Total, new motor vehicles","Total, country of manufacture","Units","Unadjusted","Units","300","units","0","v42169911","1.1.1.1.1","37129","","","","0"
"1959-03","Canada","2016A000011124","Total, new motor vehicles","Total, country of manufacture","Units","Unadjusted","Units","300","units","0","v42169911","1.1.1.1.1","48448","","","","0"
"1959-04","Canada","2016A000011124","Total, new motor vehicles","Total, country of manufacture","Units","Unadjusted","Units","300","units","0","v42169911","1.1.1.1.1","59360","","","","0"
"1959-05","Canada","2016A000011124","Total, new motor vehicles","Total, country of manufacture","Units","Unadjusted","Units","300","units","0","v42169911","1.1.1.1.1","55646","","","","0"
"1959-06","Canada","2016A000011124","Total, new motor vehicles","Total, country of manufacture","Units","Unadjusted","Units","300","units","0","v42169911","1.1.1.1.1","57063","","","","0"
"1959-07","Canada","2016A000011124","Total, new motor vehicles","Total, country of manufacture","Units","Unadjusted","Units","300","units","0","v42169911","1.1.1.1.1","42734","","","","0"
"1959-08","Canada","2016A000011124","Total, new motor vehicles","Total, country of manufacture","Units","Unadjusted","Units","300","units","0","v42169911","1.1.1.1.1","38099","","","","0"
"1959-09","Canada","2016A000011124","Total, new motor vehicles","Total, country of manufacture","Units","Unadjusted","Units","300","units","0","v42169911","1.1.1.1.1","31218","","","","0"
"1959-10","Canada","2016A000011124","Total, new motor vehicles","Total, country of manufacture","Units","Unadjusted","Units","300","units","0","v42169911","1.1.1.1.1","37072","","","","0"
"1959-11","Canada","2016A000011124","Total, new motor vehicles","Total, country of manufacture","Units","Unadjusted","Units","300","units","0","v42169911","1.1.1.1.1","35300","","","","0"
"1959-12","Canada","2016A000011124","Total, new motor vehicles","Total, country of manufacture","Units","Unadjusted","Units","300","units","0","v42169911","1.1.1.1.1","28160","","","","0"
"1960-01","Canada","2016A000011124","Total, new motor vehicles","Total, country of manufacture","Units","Unadjusted","Units","300","units","0","v42169911","1.1.1.1.1","32271","","","","0"
"1960-02","Canada","2016A000011124","Total, new motor vehicles","Total, country of manufacture","Units","Unadjusted","Units","300","units","0","v42169911","1.1.1.1.1","40266","","","","0"
"1960-03","Canada","2016A000011124","Total, new motor vehicles","Total, country of manufacture","Units","Unadjusted","Units","300","units","0","v42169911","1.1.1.1.1","50644","","","","0"
"1960-04","Canada","2016A000011124","Total, new motor vehicles","Total, country of manufacture","Units","Unadjusted","Units","300","units","0","v42169911","1.1.1.1.1","57775","","","","0"
"1960-05","Canada","2016A000011124","Total, new motor vehicles","Total, country of manufacture","Units","Unadjusted","Units","300","units","0","v42169911","1.1.1.1.1","58447","","","","0"
"1960-06","Canada","2016A000011124","Total, new motor vehicles","Total, country of manufacture","Units","Unadjusted","Units","300","units","0","v42169911","1.1.1.1.1","58699","","","","0"
"1960-07","Canada","2016A000011124","Total, new motor vehicles","Total, country of manufacture","Units","Unadjusted","Units","300","units","0","v42169911","1.1.1.1.1","39373","","","","0"
"1960-08","Canada","2016A000011124","Total, new motor vehicles","Total, country of manufacture","Units","Unadjusted","Units","300","units","0","v42169911","1.1.1.1.1","35375","","","","0"
"1960-09","Canada","2016A000011124","Total, new motor vehicles","Total, country of manufacture","Units","Unadjusted","Units","300","units","0","v42169911","1.1.1.1.1","31591","","","","0"
"1960-10","Canada","2016A000011124","Total, new motor vehicles","Total, country of manufacture","Units","Unadjusted","Units","300","units","0","v42169911","1.1.1.1.1","39593","","","","0"
"1960-11","Canada","2016A000011124","Total, new motor vehicles","Total, country of manufacture","Units","Unadjusted","Units","300","units","0","v42169911","1.1.1.1.1","42124","","","","0"
"1960-12","Canada","2016A000011124","Total, new motor vehicles","Total, country of manufacture","Units","Unadjusted","Units","300","units","0","v42169911","1.1.1.1.1","37030","","","","0"
"1961-01","Canada","2016A000011124","Total, new motor vehicles","Total, country of manufacture","Units","Unadjusted","Units","300","units","0","v42169911","1.1.1.1.1","32641","","","","0"
"1961-02","Canada","2016A000011124","Total, new motor vehicles","Total, country of manufacture","Units","Unadjusted","Units","300","units","0","v42169911","1.1.1.1.1","36097","","","","0"
"1961-03","Canada","2016A000011124","Total, new motor vehicles","Total, country of manufacture","Units","Unadjusted","Units","300","units","0","v42169911","1.1.1.1.1","45481","","","","0"
"1961-04","Canada","2016A000011124","Total, new motor vehicles","Total, country of manufacture","Units","Unadjusted","Units","300","units","0","v42169911","1.1.1.1.1","51831","","","","0"
"1961-05","Canada","2016A000011124","Total, new motor vehicles","Total, country of manufacture","Units","Unadjusted","Units","300","units","0","v42169911","1.1.1.1.1","58141","","","","0"
"1961-06","Canada","2016A000011124","Total, new motor vehicles","Total, country of manufacture","Units","Unadjusted","Units","300","units","0","v42169911","1.1.1.1.1","52996","","","","0"
"1961-07","Canada","2016A000011124","Total, new motor vehicles","Total, country of manufacture","Units","Unadjusted","Units","300","units","0","v42169911","1.1.1.1.1","45292","","","","0"
"1961-08","Canada","2016A000011124","Total, new motor vehicles","Total, country of manufacture","Units","Unadjusted","Units","300","units","0","v42169911","1.1.1.1.1","36932","","","","0"
"1961-09","Canada","2016A000011124","Total, new motor vehicles","Total, country of manufacture","Units","Unadjusted","Units","300","units","0","v42169911","1.1.1.1.1","28904","","","","0"
"1961-10","Canada","2016A000011124","Total, new motor vehicles","Total, country of manufacture","Units","Unadjusted","Units","300","units","0","v42169911","1.1.1.1.1","37478","","","","0"
"1961-11","Canada","2016A000011124","Total, new motor vehicles","Total, country of manufacture","Units","Unadjusted","Units","300","units","0","v42169911","1.1.1.1.1","49396","","","","0"
"1961-12","Canada","2016A000011124","Total, new motor vehicles","Total, country of manufacture","Units","Unadjusted","Units","300","units","0","v42169911","1.1.1.1.1","36290","","","","0"
"1962-01","Canada","2016A000011124","Total, new motor vehicles","Total, country of manufacture","Units","Unadjusted","Units","300","units","0","v42169911","1.1.1.1.1","42241","","","","0"
"1962-02","Canada","2016A000011124","Total, new motor vehicles","Total, country of manufacture","Units","Unadjusted","Units","300","units","0","v42169911","1.1.1.1.1","38950","","","","0"
"1962-03","Canada","2016A000011124","Total, new motor vehicles","Total, country of manufacture","Units","Unadjusted","Units","300","units","0","v42169911","1.1.1.1.1","57942","","","","0"
"1962-04","Canada","2016A000011124","Total, new motor vehicles","Total, country of manufacture","Units","Unadjusted","Units","300","units","0","v42169911","1.1.1.1.1","62597","","","","0"
"1962-05","Canada","2016A000011124","Total, new motor vehicles","Total, country of manufacture","Units","Unadjusted","Units","300","units","0","v42169911","1.1.1.1.1","74822","","","","0"
"1962-06","Canada","2016A000011124","Total, new motor vehicles","Total, country of manufacture","Units","Unadjusted","Units","300","units","0","v42169911","1.1.1.1.1","60284","","","","0"
"1962-07","Canada","2016A000011124","Total, new motor vehicles","Total, country of manufacture","Units","Unadjusted","Units","300","units","0","v42169911","1.1.1.1.1","45936","","","","0"
"1962-08","Canada","2016A000011124","Total, new motor vehicles","Total, country of manufacture","Units","Unadjusted","Units","300","units","0","v42169911","1.1.1.1.1","35176","","","","0"
"1962-09","Canada","2016A000011124","Total, new motor vehicles","Total, country of manufacture","Units","Unadjusted","Units","300","units","0","v42169911","1.1.1.1.1","23416","","","","0"
"1962-10","Canada","2016A000011124","Total, new motor vehicles","Total, country of manufacture","Units","Unadjusted","Units","300","units","0","v42169911","1.1.1.1.1","48522","","","","0"
"1962-11","Canada","2016A000011124","Total, new motor vehicles","Total, country of manufacture","Units","Unadjusted","Units","300","units","0","v42169911","1.1.1.1.1","49785","","","","0"
"1962-12","Canada","2016A000011124","Total, new motor vehicles","Total, country of manufacture","Units","Unadjusted","Units","300","units","0","v42169911","1.1.1.1.1","45539","","","","0"
"1963-01","Canada","2016A000011124","Total, new motor vehicles","Total, country of manufacture","Units","Unadjusted","Units","300","units","0","v42169911","1.1.1.1.1","43284","","","","0"
"1963-02","Canada","2016A000011124","Total, new motor vehicles","Total, country of manufacture","Units","Unadjusted","Units","300","units","0","v42169911","1.1.1.1.1","45785","","","","0"
"1963-03","Canada","2016A000011124","Total, new motor vehicles","Total, country of manufacture","Units","Unadjusted","Units","300","units","0","v42169911","1.1.1.1.1","55726","","","","0"
"1963-04","Canada","2016A000011124","Total, new motor vehicles","Total, country of manufacture","Units","Unadjusted","Units","300","units","0","v42169911","1.1.1.1.1","74086","","","","0"
"1963-05","Canada","2016A000011124","Total, new motor vehicles","Total, country of manufacture","Units","Unadjusted","Units","300","units","0","v42169911","1.1.1.1.1","74001","","","","0"
"1963-06","Canada","2016A000011124","Total, new motor vehicles","Total, country of manufacture","Units","Unadjusted","Units","300","units","0","v42169911","1.1.1.1.1","68362","","","","0"
"1963-07","Canada","2016A000011124","Total, new motor vehicles","Total, country of manufacture","Units","Unadjusted","Units","300","units","0","v42169911","1.1.1.1.1","49255","","","","0"
"1963-08","Canada","2016A000011124","Total, new motor vehicles","Total, country of manufacture","Units","Unadjusted","Units","300","units","0","v42169911","1.1.1.1.1","35502","","","","0"
"1963-09","Canada","2016A000011124","Total, new motor vehicles","Total, country of manufacture","Units","Unadjusted","Units","300","units","0","v42169911","1.1.1.1.1","32860","","","","0"
"1963-10","Canada","2016A000011124","Total, new motor vehicles","Total, country of manufacture","Units","Unadjusted","Units","300","units","0","v42169911","1.1.1.1.1","58835","","","","0"
"1963-11","Canada","2016A000011124","Total, new motor vehicles","Total, country of manufacture","Units","Unadjusted","Units","300","units","0","v42169911","1.1.1.1.1","63307","","","","0"
"1963-12","Canada","2016A000011124","Total, new motor vehicles","Total, country of manufacture","Units","Unadjusted","Units","300","units","0","v42169911","1.1.1.1.1","53986","","","","0"
"1964-01","Canada","2016A000011124","Total, new motor vehicles","Total, country of manufacture","Units","Unadjusted","Units","300","units","0","v42169911","1.1.1.1.1","53261","","","","0"
"1964-02","Canada","2016A000011124","Total, new motor vehicles","Total, country of manufacture","Units","Unadjusted","Units","300","units","0","v42169911","1.1.1.1.1","54821","","","","0"
"1964-03","Canada","2016A000011124","Total, new motor vehicles","Total, country of manufacture","Units","Unadjusted","Units","300","units","0","v42169911","1.1.1.1.1","70932","","","","0"
"1964-04","Canada","2016A000011124","Total, new motor vehicles","Total, country of manufacture","Units","Unadjusted","Units","300","units","0","v42169911","1.1.1.1.1","79517","","","","0"
"1964-05","Canada","2016A000011124","Total, new motor vehicles","Total, country of manufacture","Units","Unadjusted","Units","300","units","0","v42169911","1.1.1.1.1","82117","","","","0"
"1964-06","Canada","2016A000011124","Total, new motor vehicles","Total, country of manufacture","Units","Unadjusted","Units","300","units","0","v42169911","1.1.1.1.1","74054","","","","0"
"1964-07","Canada","2016A000011124","Total, new motor vehicles","Total, country of manufacture","Units","Unadjusted","Units","300","units","0","v42169911","1.1.1.1.1","59935","","","","0"
"1964-08","Canada","2016A000011124","Total, new motor vehicles","Total, country of manufacture","Units","Unadjusted","Units","300","units","0","v42169911","1.1.1.1.1","43735","","","","0"
"1964-09","Canada","2016A000011124","Total, new motor vehicles","Total, country of manufacture","Units","Unadjusted","Units","300","units","0","v42169911","1.1.1.1.1","45272","","","","0"
"1964-10","Canada","2016A000011124","Total, new motor vehicles","Total, country of manufacture","Units","Unadjusted","Units","300","units","0","v42169911","1.1.1.1.1","61083","","","","0"
"1964-11","Canada","2016A000011124","Total, new motor vehicles","Total, country of manufacture","Units","Unadjusted","Units","300","units","0","v42169911","1.1.1.1.1","54838","","","","0"
"1964-12","Canada","2016A000011124","Total, new motor vehicles","Total, country of manufacture","Units","Unadjusted","Units","300","units","0","v42169911","1.1.1.1.1","46314","","","","0"
"1965-01","Canada","2016A000011124","Total, new motor vehicles","Total, country of manufacture","Units","Unadjusted","Units","300","units","0","v42169911","1.1.1.1.1","51204","","","","0"
"1965-02","Canada","2016A000011124","Total, new motor vehicles","Total, country of manufacture","Units","Unadjusted","Units","300","units","0","v42169911","1.1.1.1.1","54630","","","","0"
"1965-03","Canada","2016A000011124","Total, new motor vehicles","Total, country of manufacture","Units","Unadjusted","Units","300","units","0","v42169911","1.1.1.1.1","77232","","","","0"
"1965-04","Canada","2016A000011124","Total, new motor vehicles","Total, country of manufacture","Units","Unadjusted","Units","300","units","0","v42169911","1.1.1.1.1","88196","","","","0"
"1965-05","Canada","2016A000011124","Total, new motor vehicles","Total, country of manufacture","Units","Unadjusted","Units","300","units","0","v42169911","1.1.1.1.1","89641","","","","0"
"1965-06","Canada","2016A000011124","Total, new motor vehicles","Total, country of manufacture","Units","Unadjusted","Units","300","units","0","v42169911","1.1.1.1.1","87057","","","","0"
"1965-07","Canada","2016A000011124","Total, new motor vehicles","Total, country of manufacture","Units","Unadjusted","Units","300","units","0","v42169911","1.1.1.1.1","65893","","","","0"
"1965-08","Canada","2016A000011124","Total, new motor vehicles","Total, country of manufacture","Units","Unadjusted","Units","300","units","0","v42169911","1.1.1.1.1","57274","","","","0"
"1965-09","Canada","2016A000011124","Total, new motor vehicles","Total, country of manufacture","Units","Unadjusted","Units","300","units","0","v42169911","1.1.1.1.1","43448","","","","0"
"1965-10","Canada","2016A000011124","Total, new motor vehicles","Total, country of manufacture","Units","Unadjusted","Units","300","units","0","v42169911","1.1.1.1.1","69036","","","","0"
"1965-11","Canada","2016A000011124","Total, new motor vehicles","Total, country of manufacture","Units","Unadjusted","Units","300","units","0","v42169911","1.1.1.1.1","75912","","","","0"
"1965-12","Canada","2016A000011124","Total, new motor vehicles","Total, country of manufacture","Units","Unadjusted","Units","300","units","0","v42169911","1.1.1.1.1","71472","","","","0"
"1966-01","Canada","2016A000011124","Total, new motor vehicles","Total, country of manufacture","Units","Unadjusted","Units","300","units","0","v42169911","1.1.1.1.1","58228","","","","0"
"1966-02","Canada","2016A000011124","Total, new motor vehicles","Total, country of manufacture","Units","Unadjusted","Units","300","units","0","v42169911","1.1.1.1.1","61566","","","","0"
"1966-03","Canada","2016A000011124","Total, new motor vehicles","Total, country of manufacture","Units","Unadjusted","Units","300","units","0","v42169911","1.1.1.1.1","94366","","","","0"
"1966-04","Canada","2016A000011124","Total, new motor vehicles","Total, country of manufacture","Units","Unadjusted","Units","300","units","0","v42169911","1.1.1.1.1","78979","","","","0"
"1966-05","Canada","2016A000011124","Total, new motor vehicles","Total, country of manufacture","Units","Unadjusted","Units","300","units","0","v42169911","1.1.1.1.1","76182","","","","0"
"1966-06","Canada","2016A000011124","Total, new motor vehicles","Total, country of manufacture","Units","Unadjusted","Units","300","units","0","v42169911","1.1.1.1.1","78442","","","","0"
"1966-07","Canada","2016A000011124","Total, new motor vehicles","Total, country of manufacture","Units","Unadjusted","Units","300","units","0","v42169911","1.1.1.1.1","60871","","","","0"
"1966-08","Canada","2016A000011124","Total, new motor vehicles","Total, country of manufacture","Units","Unadjusted","Units","300","units","0","v42169911","1.1.1.1.1","61819","","","","0"
"1966-09","Canada","2016A000011124","Total, new motor vehicles","Total, country of manufacture","Units","Unadjusted","Units","300","units","0","v42169911","1.1.1.1.1","52549","","","","0"
"1966-10","Canada","2016A000011124","Total, new motor vehicles","Total, country of manufacture","Units","Unadjusted","Units","300","units","0","v42169911","1.1.1.1.1","67446","","","","0"
"1966-11","Canada","2016A000011124","Total, new motor vehicles","Total, country of manufacture","Units","Unadjusted","Units","300","units","0","v42169911","1.1.1.1.1","70220","","","","0"
"1966-12","Canada","2016A000011124","Total, new motor vehicles","Total, country of manufacture","Units","Unadjusted","Units","300","units","0","v42169911","1.1.1.1.1","66763","","","","0"
"1967-01","Canada","2016A000011124","Total, new motor vehicles","Total, country of manufacture","Units","Unadjusted","Units","300","units","0","v42169911","1.1.1.1.1","54941","","","","0"
"1967-02","Canada","2016A000011124","Total, new motor vehicles","Total, country of manufacture","Units","Unadjusted","Units","300","units","0","v42169911","1.1.1.1.1","54701","","","","0"
"1967-03","Canada","2016A000011124","Total, new motor vehicles","Total, country of manufacture","Units","Unadjusted","Units","300","units","0","v42169911","1.1.1.1.1","82782","","","","0"
"1967-04","Canada","2016A000011124","Total, new motor vehicles","Total, country of manufacture","Units","Unadjusted","Units","300","units","0","v42169911","1.1.1.1.1","78532","","","","0"
"1967-05","Canada","2016A000011124","Total, new motor vehicles","Total, country of manufacture","Units","Unadjusted","Units","300","units","0","v42169911","1.1.1.1.1","96953","","","","0"
"1967-06","Canada","2016A000011124","Total, new motor vehicles","Total, country of manufacture","Units","Unadjusted","Units","300","units","0","v42169911","1.1.1.1.1","90108","","","","0"
"1967-07","Canada","2016A000011124","Total, new motor vehicles","Total, country of manufacture","Units","Unadjusted","Units","300","units","0","v42169911","1.1.1.1.1","57781","","","","0"
"1967-08","Canada","2016A000011124","Total, new motor vehicles","Total, country of manufacture","Units","Unadjusted","Units","300","units","0","v42169911","1.1.1.1.1","55704","","","","0"
"1967-09","Canada","2016A000011124","Total, new motor vehicles","Total, country of manufacture","Units","Unadjusted","Units","300","units","0","v42169911","1.1.1.1.1","52948","","","","0"
"1967-10","Canada","2016A000011124","Total, new motor vehicles","Total, country of manufacture","Units","Unadjusted","Units","300","units","0","v42169911","1.1.1.1.1","66680","","","","0"
"1967-11","Canada","2016A000011124","Total, new motor vehicles","Total, country of manufacture","Units","Unadjusted","Units","300","units","0","v42169911","1.1.1.1.1","64674","","","","0"
"1967-12","Canada","2016A000011124","Total, new motor vehicles","Total, country of manufacture","Units","Unadjusted","Units","300","units","0","v42169911","1.1.1.1.1","59503","","","","0"
"1968-01","Canada","2016A000011124","Total, new motor vehicles","Total, country of manufacture","Units","Unadjusted","Units","300","units","0","v42169911","1.1.1.1.1","59204","","","","0"
"1968-02","Canada","2016A000011124","Total, new motor vehicles","Total, country of manufacture","Units","Unadjusted","Units","300","units","0","v42169911","1.1.1.1.1","60172","","","","0"
"1968-03","Canada","2016A000011124","Total, new motor vehicles","Total, country of manufacture","Units","Unadjusted","Units","300","units","0","v42169911","1.1.1.1.1","80442","","","","0"
"1968-04","Canada","2016A000011124","Total, new motor vehicles","Total, country of manufacture","Units","Unadjusted","Units","300","units","0","v42169911","1.1.1.1.1","78644","","","","0"
"1968-05","Canada","2016A000011124","Total, new motor vehicles","Total, country of manufacture","Units","Unadjusted","Units","300","units","0","v42169911","1.1.1.1.1","96556","","","","0"
"1968-06","Canada","2016A000011124","Total, new motor vehicles","Total, country of manufacture","Units","Unadjusted","Units","300","units","0","v42169911","1.1.1.1.1","84240","","","","0"
"1968-07","Canada","2016A000011124","Total, new motor vehicles","Total, country of manufacture","Units","Unadjusted","Units","300","units","0","v42169911","1.1.1.1.1","74582","","","","0"
"1968-08","Canada","2016A000011124","Total, new motor vehicles","Total, country of manufacture","Units","Unadjusted","Units","300","units","0","v42169911","1.1.1.1.1","65477","","","","0"
"1968-09","Canada","2016A000011124","Total, new motor vehicles","Total, country of manufacture","Units","Unadjusted","Units","300","units","0","v42169911","1.1.1.1.1","57605","","","","0"
"1968-10","Canada","2016A000011124","Total, new motor vehicles","Total, country of manufacture","Units","Unadjusted","Units","300","units","0","v42169911","1.1.1.1.1","87356","","","","0"
"1968-11","Canada","2016A000011124","Total, new motor vehicles","Total, country of manufacture","Units","Unadjusted","Units","300","units","0","v42169911","1.1.1.1.1","76399","","","","0"
"1968-12","Canada","2016A000011124","Total, new motor vehicles","Total, country of manufacture","Units","Unadjusted","Units","300","units","0","v42169911","1.1.1.1.1","68776","","","","0"
"1969-01","Canada","2016A000011124","Total, new motor vehicles","Total, country of manufacture","Units","Unadjusted","Units","300","units","0","v42169911","1.1.1.1.1","62469","","","","0"
"1969-02","Canada","2016A000011124","Total, new motor vehicles","Total, country of manufacture","Units","Unadjusted","Units","300","units","0","v42169911","1.1.1.1.1","69365","","","","0"
"1969-03","Canada","2016A000011124","Total, new motor vehicles","Total, country of manufacture","Units","Unadjusted","Units","300","units","0","v42169911","1.1.1.1.1","86696","","","","0"
"1969-04","Canada","2016A000011124","Total, new motor vehicles","Total, country of manufacture","Units","Unadjusted","Units","300","units","0","v42169911","1.1.1.1.1","93521","","","","0"
"1969-05","Canada","2016A000011124","Total, new motor vehicles","Total, country of manufacture","Units","Unadjusted","Units","300","units","0","v42169911","1.1.1.1.1","93636","","","","0"
"1969-06","Canada","2016A000011124","Total, new motor vehicles","Total, country of manufacture","Units","Unadjusted","Units","300","units","0","v42169911","1.1.1.1.1","88141","","","","0"
"1969-07","Canada","2016A000011124","Total, new motor vehicles","Total, country of manufacture","Units","Unadjusted","Units","300","units","0","v42169911","1.1.1.1.1","69489","","","","0"
"1969-08","Canada","2016A000011124","Total, new motor vehicles","Total, country of manufacture","Units","Unadjusted","Units","300","units","0","v42169911","1.1.1.1.1","56072","","","","0"
"1969-09","Canada","2016A000011124","Total, new motor vehicles","Total, country of manufacture","Units","Unadjusted","Units","300","units","0","v42169911","1.1.1.1.1","74300","","","","0"
"1969-10","Canada","2016A000011124","Total, new motor vehicles","Total, country of manufacture","Units","Unadjusted","Units","300","units","0","v42169911","1.1.1.1.1","86020","","","","0"
"1969-11","Canada","2016A000011124","Total, new motor vehicles","Total, country of manufacture","Units","Unadjusted","Units","300","units","0","v42169911","1.1.1.1.1","76605","","","","0"
"1969-12","Canada","2016A000011124","Total, new motor vehicles","Total, country of manufacture","Units","Unadjusted","Units","300","units","0","v42169911","1.1.1.1.1","61191","","","","0"
"1970-01","Canada","2016A000011124","Total, new motor vehicles","Total, country of manufacture","Units","Unadjusted","Units","300","units","0","v42169911","1.1.1.1.1","49501","","","","0"
"1970-02","Canada","2016A000011124","Total, new motor vehicles","Total, country of manufacture","Units","Unadjusted","Units","300","units","0","v42169911","1.1.1.1.1","51089","","","","0"
"1970-03","Canada","2016A000011124","Total, new motor vehicles","Total, country of manufacture","Units","Unadjusted","Units","300","units","0","v42169911","1.1.1.1.1","71793","","","","0"
"1970-04","Canada","2016A000011124","Total, new motor vehicles","Total, country of manufacture","Units","Unadjusted","Units","300","units","0","v42169911","1.1.1.1.1","78059","","","","0"
"1970-05","Canada","2016A000011124","Total, new motor vehicles","Total, country of manufacture","Units","Unadjusted","Units","300","units","0","v42169911","1.1.1.1.1","79677","","","","0"
"1970-06","Canada","2016A000011124","Total, new motor vehicles","Total, country of manufacture","Units","Unadjusted","Units","300","units","0","v42169911","1.1.1.1.1","83167","","","","0"
"1970-07","Canada","2016A000011124","Total, new motor vehicles","Total, country of manufacture","Units","Unadjusted","Units","300","units","0","v42169911","1.1.1.1.1","65465","","","","0"
"1970-08","Canada","2016A000011124","Total, new motor vehicles","Total, country of manufacture","Units","Unadjusted","Units","300","units","0","v42169911","1.1.1.1.1","53562","","","","0"
"1970-09","Canada","2016A000011124","Total, new motor vehicles","Total, country of manufacture","Units","Unadjusted","Units","300","units","0","v42169911","1.1.1.1.1","58936","","","","0"
"1970-10","Canada","2016A000011124","Total, new motor vehicles","Total, country of manufacture","Units","Unadjusted","Units","300","units","0","v42169911","1.1.1.1.1","79635","","","","0"
"1970-11","Canada","2016A000011124","Total, new motor vehicles","Total, country of manufacture","Units","Unadjusted","Units","300","units","0","v42169911","1.1.1.1.1","57240","","","","0"
"1970-12","Canada","2016A000011124","Total, new motor vehicles","Total, country of manufacture","Units","Unadjusted","Units","300","units","0","v42169911","1.1.1.1.1","46117","","","","0"
"1971-01","Canada","2016A000011124","Total, new motor vehicles","Total, country of manufacture","Units","Unadjusted","Units","300","units","0","v42169911","1.1.1.1.1","41617","","","","0"
"1971-02","Canada","2016A000011124","Total, new motor vehicles","Total, country of manufacture","Units","Unadjusted","Units","300","units","0","v42169911","1.1.1.1.1","54905","","","","0"
"1971-03","Canada","2016A000011124","Total, new motor vehicles","Total, country of manufacture","Units","Unadjusted","Units","300","units","0","v42169911","1.1.1.1.1","83033","","","","0"
"1971-04","Canada","2016A000011124","Total, new motor vehicles","Total, country of manufacture","Units","Unadjusted","Units","300","units","0","v42169911","1.1.1.1.1","97321","","","","0"
"1971-05","Canada","2016A000011124","Total, new motor vehicles","Total, country of manufacture","Units","Unadjusted","Units","300","units","0","v42169911","1.1.1.1.1","102309","","","","0"
"1971-06","Canada","2016A000011124","Total, new motor vehicles","Total, country of manufacture","Units","Unadjusted","Units","300","units","0","v42169911","1.1.1.1.1","95455","","","","0"
"1971-07","Canada","2016A000011124","Total, new motor vehicles","Total, country of manufacture","Units","Unadjusted","Units","300","units","0","v42169911","1.1.1.1.1","74154","","","","0"
"1971-08","Canada","2016A000011124","Total, new motor vehicles","Total, country of manufacture","Units","Unadjusted","Units","300","units","0","v42169911","1.1.1.1.1","60841","","","","0"
"1971-09","Canada","2016A000011124","Total, new motor vehicles","Total, country of manufacture","Units","Unadjusted","Units","300","units","0","v42169911","1.1.1.1.1","79408","","","","0"
"1971-10","Canada","2016A000011124","Total, new motor vehicles","Total, country of manufacture","Units","Unadjusted","Units","300","units","0","v42169911","1.1.1.1.1","96877","","","","0"
"1971-11","Canada","2016A000011124","Total, new motor vehicles","Total, country of manufacture","Units","Unadjusted","Units","300","units","0","v42169911","1.1.1.1.1","85065","","","","0"
"1971-12","Canada","2016A000011124","Total, new motor vehicles","Total, country of manufacture","Units","Unadjusted","Units","300","units","0","v42169911","1.1.1.1.1","69347","","","","0"
"1972-01","Canada","2016A000011124","Total, new motor vehicles","Total, country of manufacture","Units","Unadjusted","Units","300","units","0","v42169911","1.1.1.1.1","57888","","","","0"
"1972-02","Canada","2016A000011124","Total, new motor vehicles","Total, country of manufacture","Units","Unadjusted","Units","300","units","0","v42169911","1.1.1.1.1","68166","","","","0"
"1972-03","Canada","2016A000011124","Total, new motor vehicles","Total, country of manufacture","Units","Unadjusted","Units","300","units","0","v42169911","1.1.1.1.1","91950","","","","0"
"1972-04","Canada","2016A000011124","Total, new motor vehicles","Total, country of manufacture","Units","Unadjusted","Units","300","units","0","v42169911","1.1.1.1.1","95598","","","","0"
"1972-05","Canada","2016A000011124","Total, new motor vehicles","Total, country of manufacture","Units","Unadjusted","Units","300","units","0","v42169911","1.1.1.1.1","127332","","","","0"
"1972-06","Canada","2016A000011124","Total, new motor vehicles","Total, country of manufacture","Units","Unadjusted","Units","300","units","0","v42169911","1.1.1.1.1","112333","","","","0"
"1972-07","Canada","2016A000011124","Total, new motor vehicles","Total, country of manufacture","Units","Unadjusted","Units","300","units","0","v42169911","1.1.1.1.1","81463","","","","0"
"1972-08","Canada","2016A000011124","Total, new motor vehicles","Total, country of manufacture","Units","Unadjusted","Units","300","units","0","v42169911","1.1.1.1.1","72830","","","","0"
"1972-09","Canada","2016A000011124","Total, new motor vehicles","Total, country of manufacture","Units","Unadjusted","Units","300","units","0","v42169911","1.1.1.1.1","76575","","","","0"
"1972-10","Canada","2016A000011124","Total, new motor vehicles","Total, country of manufacture","Units","Unadjusted","Units","300","units","0","v42169911","1.1.1.1.1","110564","","","","0"
"1972-11","Canada","2016A000011124","Total, new motor vehicles","Total, country of manufacture","Units","Unadjusted","Units","300","units","0","v42169911","1.1.1.1.1","97445","","","","0"
"1972-12","Canada","2016A000011124","Total, new motor vehicles","Total, country of manufacture","Units","Unadjusted","Units","300","units","0","v42169911","1.1.1.1.1","73477","","","","0"
"1973-01","Canada","2016A000011124","Total, new motor vehicles","Total, country of manufacture","Units","Unadjusted","Units","300","units","0","v42169911","1.1.1.1.1","75684","","","","0"
"1973-02","Canada","2016A000011124","Total, new motor vehicles","Total, country of manufacture","Units","Unadjusted","Units","300","units","0","v42169911","1.1.1.1.1","85658","","","","0"
"1973-03","Canada","2016A000011124","Total, new motor vehicles","Total, country of manufacture","Units","Unadjusted","Units","300","units","0","v42169911","1.1.1.1.1","132162","","","","0"
"1973-04","Canada","2016A000011124","Total, new motor vehicles","Total, country of manufacture","Units","Unadjusted","Units","300","units","0","v42169911","1.1.1.1.1","129841","","","","0"
"1973-05","Canada","2016A000011124","Total, new motor vehicles","Total, country of manufacture","Units","Unadjusted","Units","300","units","0","v42169911","1.1.1.1.1","128867","","","","0"
"1973-06","Canada","2016A000011124","Total, new motor vehicles","Total, country of manufacture","Units","Unadjusted","Units","300","units","0","v42169911","1.1.1.1.1","125223","","","","0"
"1973-07","Canada","2016A000011124","Total, new motor vehicles","Total, country of manufacture","Units","Unadjusted","Units","300","units","0","v42169911","1.1.1.1.1","89301","","","","0"
"1973-08","Canada","2016A000011124","Total, new motor vehicles","Total, country of manufacture","Units","Unadjusted","Units","300","units","0","v42169911","1.1.1.1.1","85560","","","","0"
"1973-09","Canada","2016A000011124","Total, new motor vehicles","Total, country of manufacture","Units","Unadjusted","Units","300","units","0","v42169911","1.1.1.1.1","83019","","","","0"
"1973-10","Canada","2016A000011124","Total, new motor vehicles","Total, country of manufacture","Units","Unadjusted","Units","300","units","0","v42169911","1.1.1.1.1","116228","","","","0"
"1973-11","Canada","2016A000011124","Total, new motor vehicles","Total, country of manufacture","Units","Unadjusted","Units","300","units","0","v42169911","1.1.1.1.1","100476","","","","0"
"1973-12","Canada","2016A000011124","Total, new motor vehicles","Total, country of manufacture","Units","Unadjusted","Units","300","units","0","v42169911","1.1.1.1.1","74679","","","","0"
"1974-01","Canada","2016A000011124","Total, new motor vehicles","Total, country of manufacture","Units","Unadjusted","Units","300","units","0","v42169911","1.1.1.1.1","88442","","","","0"
"1974-02","Canada","2016A000011124","Total, new motor vehicles","Total, country of manufacture","Units","Unadjusted","Units","300","units","0","v42169911","1.1.1.1.1","89955","","","","0"
"1974-03","Canada","2016A000011124","Total, new motor vehicles","Total, country of manufacture","Units","Unadjusted","Units","300","units","0","v42169911","1.1.1.1.1","106609","","","","0"
"1974-04","Canada","2016A000011124","Total, new motor vehicles","Total, country of manufacture","Units","Unadjusted","Units","300","units","0","v42169911","1.1.1.1.1","124154","","","","0"
"1974-05","Canada","2016A000011124","Total, new motor vehicles","Total, country of manufacture","Units","Unadjusted","Units","300","units","0","v42169911","1.1.1.1.1","150705","","","","0"
"1974-06","Canada","2016A000011124","Total, new motor vehicles","Total, country of manufacture","Units","Unadjusted","Units","300","units","0","v42169911","1.1.1.1.1","127300","","","","0"
"1974-07","Canada","2016A000011124","Total, new motor vehicles","Total, country of manufacture","Units","Unadjusted","Units","300","units","0","v42169911","1.1.1.1.1","112495","","","","0"
"1974-08","Canada","2016A000011124","Total, new motor vehicles","Total, country of manufacture","Units","Unadjusted","Units","300","units","0","v42169911","1.1.1.1.1","104597","","","","0"
"1974-09","Canada","2016A000011124","Total, new motor vehicles","Total, country of manufacture","Units","Unadjusted","Units","300","units","0","v42169911","1.1.1.1.1","85117","","","","0"
"1974-10","Canada","2016A000011124","Total, new motor vehicles","Total, country of manufacture","Units","Unadjusted","Units","300","units","0","v42169911","1.1.1.1.1","108996","","","","0"
"1974-11","Canada","2016A000011124","Total, new motor vehicles","Total, country of manufacture","Units","Unadjusted","Units","300","units","0","v42169911","1.1.1.1.1","83066","","","","0"
"1974-12","Canada","2016A000011124","Total, new motor vehicles","Total, country of manufacture","Units","Unadjusted","Units","300","units","0","v42169911","1.1.1.1.1","67868","","","","0"
"1975-01","Canada","2016A000011124","Total, new motor vehicles","Total, country of manufacture","Units","Unadjusted","Units","300","units","0","v42169911","1.1.1.1.1","73618","","","","0"
"1975-02","Canada","2016A000011124","Total, new motor vehicles","Total, country of manufacture","Units","Unadjusted","Units","300","units","0","v42169911","1.1.1.1.1","91303","","","","0"
"1975-03","Canada","2016A000011124","Total, new motor vehicles","Total, country of manufacture","Units","Unadjusted","Units","300","units","0","v42169911","1.1.1.1.1","101659","","","","0"
"1975-04","Canada","2016A000011124","Total, new motor vehicles","Total, country of manufacture","Units","Unadjusted","Units","300","units","0","v42169911","1.1.1.1.1","122785","","","","0"
"1975-05","Canada","2016A000011124","Total, new motor vehicles","Total, country of manufacture","Units","Unadjusted","Units","300","units","0","v42169911","1.1.1.1.1","133481","","","","0"
"1975-06","Canada","2016A000011124","Total, new motor vehicles","Total, country of manufacture","Units","Unadjusted","Units","300","units","0","v42169911","1.1.1.1.1","132720","","","","0"
"1975-07","Canada","2016A000011124","Total, new motor vehicles","Total, country of manufacture","Units","Unadjusted","Units","300","units","0","v42169911","1.1.1.1.1","112162","","","","0"
"1975-08","Canada","2016A000011124","Total, new motor vehicles","Total, country of manufacture","Units","Unadjusted","Units","300","units","0","v42169911","1.1.1.1.1","99788","","","","0"
"1975-09","Canada","2016A000011124","Total, new motor vehicles","Total, country of manufacture","Units","Unadjusted","Units","300","units","0","v42169911","1.1.1.1.1","89184","","","","0"
"1975-10","Canada","2016A000011124","Total, new motor vehicles","Total, country of manufacture","Units","Unadjusted","Units","300","units","0","v42169911","1.1.1.1.1","134081","","","","0"
"1975-11","Canada","2016A000011124","Total, new motor vehicles","Total, country of manufacture","Units","Unadjusted","Units","300","units","0","v42169911","1.1.1.1.1","113060","","","","0"
"1975-12","Canada","2016A000011124","Total, new motor vehicles","Total, country of manufacture","Units","Unadjusted","Units","300","units","0","v42169911","1.1.1.1.1","112788","","","","0"
"1976-01","Canada","2016A000011124","Total, new motor vehicles","Total, country of manufacture","Units","Unadjusted","Units","300","units","0","v42169911","1.1.1.1.1","70241","","","","0"
"1976-02","Canada","2016A000011124","Total, new motor vehicles","Total, country of manufacture","Units","Unadjusted","Units","300","units","0","v42169911","1.1.1.1.1","82568","","","","0"
"1976-03","Canada","2016A000011124","Total, new motor vehicles","Total, country of manufacture","Units","Unadjusted","Units","300","units","0","v42169911","1.1.1.1.1","114455","","","","0"
"1976-04","Canada","2016A000011124","Total, new motor vehicles","Total, country of manufacture","Units","Unadjusted","Units","300","units","0","v42169911","1.1.1.1.1","135116","","","","0"
"1976-05","Canada","2016A000011124","Total, new motor vehicles","Total, country of manufacture","Units","Unadjusted","Units","300","units","0","v42169911","1.1.1.1.1","138215","","","","0"
"1976-06","Canada","2016A000011124","Total, new motor vehicles","Total, country of manufacture","Units","Unadjusted","Units","300","units","0","v42169911","1.1.1.1.1","140075","","","","0"
"1976-07","Canada","2016A000011124","Total, new motor vehicles","Total, country of manufacture","Units","Unadjusted","Units","300","units","0","v42169911","1.1.1.1.1","107004","","","","0"
"1976-08","Canada","2016A000011124","Total, new motor vehicles","Total, country of manufacture","Units","Unadjusted","Units","300","units","0","v42169911","1.1.1.1.1","95851","","","","0"
"1976-09","Canada","2016A000011124","Total, new motor vehicles","Total, country of manufacture","Units","Unadjusted","Units","300","units","0","v42169911","1.1.1.1.1","73954","","","","0"
"1976-10","Canada","2016A000011124","Total, new motor vehicles","Total, country of manufacture","Units","Unadjusted","Units","300","units","0","v42169911","1.1.1.1.1","138645","","","","0"
"1976-11","Canada","2016A000011124","Total, new motor vehicles","Total, country of manufacture","Units","Unadjusted","Units","300","units","0","v42169911","1.1.1.1.1","102570","","","","0"
"1976-12","Canada","2016A000011124","Total, new motor vehicles","Total, country of manufacture","Units","Unadjusted","Units","300","units","0","v42169911","1.1.1.1.1","92769","","","","0"
"1977-01","Canada","2016A000011124","Total, new motor vehicles","Total, country of manufacture","Units","Unadjusted","Units","300","units","0","v42169911","1.1.1.1.1","93760","","","","0"
"1977-02","Canada","2016A000011124","Total, new motor vehicles","Total, country of manufacture","Units","Unadjusted","Units","300","units","0","v42169911","1.1.1.1.1","97389","","","","0"
"1977-03","Canada","2016A000011124","Total, new motor vehicles","Total, country of manufacture","Units","Unadjusted","Units","300","units","0","v42169911","1.1.1.1.1","128528","","","","0"
"1977-04","Canada","2016A000011124","Total, new motor vehicles","Total, country of manufacture","Units","Unadjusted","Units","300","units","0","v42169911","1.1.1.1.1","127314","","","","0"
"1977-05","Canada","2016A000011124","Total, new motor vehicles","Total, country of manufacture","Units","Unadjusted","Units","300","units","0","v42169911","1.1.1.1.1","139916","","","","0"
"1977-06","Canada","2016A000011124","Total, new motor vehicles","Total, country of manufacture","Units","Unadjusted","Units","300","units","0","v42169911","1.1.1.1.1","135445","","","","0"
"1977-07","Canada","2016A000011124","Total, new motor vehicles","Total, country of manufacture","Units","Unadjusted","Units","300","units","0","v42169911","1.1.1.1.1","108760","","","","0"
"1977-08","Canada","2016A000011124","Total, new motor vehicles","Total, country of manufacture","Units","Unadjusted","Units","300","units","0","v42169911","1.1.1.1.1","107668","","","","0"
"1977-09","Canada","2016A000011124","Total, new motor vehicles","Total, country of manufacture","Units","Unadjusted","Units","300","units","0","v42169911","1.1.1.1.1","87443","","","","0"
"1977-10","Canada","2016A000011124","Total, new motor vehicles","Total, country of manufacture","Units","Unadjusted","Units","300","units","0","v42169911","1.1.1.1.1","131677","","","","0"
"1977-11","Canada","2016A000011124","Total, new motor vehicles","Total, country of manufacture","Units","Unadjusted","Units","300","units","0","v42169911","1.1.1.1.1","107291","","","","0"
"1977-12","Canada","2016A000011124","Total, new motor vehicles","Total, country of manufacture","Units","Unadjusted","Units","300","units","0","v42169911","1.1.1.1.1","79768","","","","0"
"1978-01","Canada","2016A000011124","Total, new motor vehicles","Total, country of manufacture","Units","Unadjusted","Units","300","units","0","v42169911","1.1.1.1.1","84355","","","","0"
"1978-02","Canada","2016A000011124","Total, new motor vehicles","Total, country of manufacture","Units","Unadjusted","Units","300","units","0","v42169911","1.1.1.1.1","96385","","","","0"
"1978-03","Canada","2016A000011124","Total, new motor vehicles","Total, country of manufacture","Units","Unadjusted","Units","300","units","0","v42169911","1.1.1.1.1","121294","","","","0"
"1978-04","Canada","2016A000011124","Total, new motor vehicles","Total, country of manufacture","Units","Unadjusted","Units","300","units","0","v42169911","1.1.1.1.1","136990","","","","0"
"1978-05","Canada","2016A000011124","Total, new motor vehicles","Total, country of manufacture","Units","Unadjusted","Units","300","units","0","v42169911","1.1.1.1.1","151884","","","","0"
"1978-06","Canada","2016A000011124","Total, new motor vehicles","Total, country of manufacture","Units","Unadjusted","Units","300","units","0","v42169911","1.1.1.1.1","147264","","","","0"
"1978-07","Canada","2016A000011124","Total, new motor vehicles","Total, country of manufacture","Units","Unadjusted","Units","300","units","0","v42169911","1.1.1.1.1","115260","","","","0"
"1978-08","Canada","2016A000011124","Total, new motor vehicles","Total, country of manufacture","Units","Unadjusted","Units","300","units","0","v42169911","1.1.1.1.1","108004","","","","0"
"1978-09","Canada","2016A000011124","Total, new motor vehicles","Total, country of manufacture","Units","Unadjusted","Units","300","units","0","v42169911","1.1.1.1.1","109161","","","","0"
"1978-10","Canada","2016A000011124","Total, new motor vehicles","Total, country of manufacture","Units","Unadjusted","Units","300","units","0","v42169911","1.1.1.1.1","125989","","","","0"
"1978-11","Canada","2016A000011124","Total, new motor vehicles","Total, country of manufacture","Units","Unadjusted","Units","300","units","0","v42169911","1.1.1.1.1","95948","","","","0"
"1978-12","Canada","2016A000011124","Total, new motor vehicles","Total, country of manufacture","Units","Unadjusted","Units","300","units","0","v42169911","1.1.1.1.1","74010","","","","0"
"1979-01","Canada","2016A000011124","Total, new motor vehicles","Total, country of manufacture","Units","Unadjusted","Units","300","units","0","v42169911","1.1.1.1.1","88454","","","","0"
"1979-02","Canada","2016A000011124","Total, new motor vehicles","Total, country of manufacture","Units","Unadjusted","Units","300","units","0","v42169911","1.1.1.1.1","99071","","","","0"
"1979-03","Canada","2016A000011124","Total, new motor vehicles","Total, country of manufacture","Units","Unadjusted","Units","300","units","0","v42169911","1.1.1.1.1","136677","","","","0"
"1979-04","Canada","2016A000011124","Total, new motor vehicles","Total, country of manufacture","Units","Unadjusted","Units","300","units","0","v42169911","1.1.1.1.1","132349","","","","0"
"1979-05","Canada","2016A000011124","Total, new motor vehicles","Total, country of manufacture","Units","Unadjusted","Units","300","units","0","v42169911","1.1.1.1.1","151336","","","","0"
"1979-06","Canada","2016A000011124","Total, new motor vehicles","Total, country of manufacture","Units","Unadjusted","Units","300","units","0","v42169911","1.1.1.1.1","143932","","","","0"
"1979-07","Canada","2016A000011124","Total, new motor vehicles","Total, country of manufacture","Units","Unadjusted","Units","300","units","0","v42169911","1.1.1.1.1","127559","","","","0"
"1979-08","Canada","2016A000011124","Total, new motor vehicles","Total, country of manufacture","Units","Unadjusted","Units","300","units","0","v42169911","1.1.1.1.1","105117","","","","0"
"1979-09","Canada","2016A000011124","Total, new motor vehicles","Total, country of manufacture","Units","Unadjusted","Units","300","units","0","v42169911","1.1.1.1.1","96957","","","","0"
"1979-10","Canada","2016A000011124","Total, new motor vehicles","Total, country of manufacture","Units","Unadjusted","Units","300","units","0","v42169911","1.1.1.1.1","133204","","","","0"
"1979-11","Canada","2016A000011124","Total, new motor vehicles","Total, country of manufacture","Units","Unadjusted","Units","300","units","0","v42169911","1.1.1.1.1","101694","","","","0"
"1979-12","Canada","2016A000011124","Total, new motor vehicles","Total, country of manufacture","Units","Unadjusted","Units","300","units","0","v42169911","1.1.1.1.1","80052","","","","0"
"1980-01","Canada","2016A000011124","Total, new motor vehicles","Total, country of manufacture","Units","Unadjusted","Units","300","units","0","v42169911","1.1.1.1.1","88737","","","","0"
"1980-02","Canada","2016A000011124","Total, new motor vehicles","Total, country of manufacture","Units","Unadjusted","Units","300","units","0","v42169911","1.1.1.1.1","103816","","","","0"
"1980-03","Canada","2016A000011124","Total, new motor vehicles","Total, country of manufacture","Units","Unadjusted","Units","300","units","0","v42169911","1.1.1.1.1","121444","","","","0"
"1980-04","Canada","2016A000011124","Total, new motor vehicles","Total, country of manufacture","Units","Unadjusted","Units","300","units","0","v42169911","1.1.1.1.1","124471","","","","0"
"1980-05","Canada","2016A000011124","Total, new motor vehicles","Total, country of manufacture","Units","Unadjusted","Units","300","units","0","v42169911","1.1.1.1.1","113501","","","","0"
"1980-06","Canada","2016A000011124","Total, new motor vehicles","Total, country of manufacture","Units","Unadjusted","Units","300","units","0","v42169911","1.1.1.1.1","111875","","","","0"
"1980-07","Canada","2016A000011124","Total, new motor vehicles","Total, country of manufacture","Units","Unadjusted","Units","300","units","0","v42169911","1.1.1.1.1","111767","","","","0"
"1980-08","Canada","2016A000011124","Total, new motor vehicles","Total, country of manufacture","Units","Unadjusted","Units","300","units","0","v42169911","1.1.1.1.1","101023","","","","0"
"1980-09","Canada","2016A000011124","Total, new motor vehicles","Total, country of manufacture","Units","Unadjusted","Units","300","units","0","v42169911","1.1.1.1.1","91811","","","","0"
"1980-10","Canada","2016A000011124","Total, new motor vehicles","Total, country of manufacture","Units","Unadjusted","Units","300","units","0","v42169911","1.1.1.1.1","121463","","","","0"
"1980-11","Canada","2016A000011124","Total, new motor vehicles","Total, country of manufacture","Units","Unadjusted","Units","300","units","0","v42169911","1.1.1.1.1","96041","","","","0"
"1980-12","Canada","2016A000011124","Total, new motor vehicles","Total, country of manufacture","Units","Unadjusted","Units","300","units","0","v42169911","1.1.1.1.1","77858","","","","0"
"1981-01","Canada","2016A000011124","Total, new motor vehicles","Total, country of manufacture","Units","Unadjusted","Units","300","units","0","v42169911","1.1.1.1.1","81814","","","","0"
"1981-02","Canada","2016A000011124","Total, new motor vehicles","Total, country of manufacture","Units","Unadjusted","Units","300","units","0","v42169911","1.1.1.1.1","89402","","","","0"
"1981-03","Canada","2016A000011124","Total, new motor vehicles","Total, country of manufacture","Units","Unadjusted","Units","300","units","0","v42169911","1.1.1.1.1","123273","","","","0"
"1981-04","Canada","2016A000011124","Total, new motor vehicles","Total, country of manufacture","Units","Unadjusted","Units","300","units","0","v42169911","1.1.1.1.1","132117","","","","0"
"1981-05","Canada","2016A000011124","Total, new motor vehicles","Total, country of manufacture","Units","Unadjusted","Units","300","units","0","v42169911","1.1.1.1.1","122053","","","","0"
"1981-06","Canada","2016A000011124","Total, new motor vehicles","Total, country of manufacture","Units","Unadjusted","Units","300","units","0","v42169911","1.1.1.1.1","118796","","","","0"
"1981-07","Canada","2016A000011124","Total, new motor vehicles","Total, country of manufacture","Units","Unadjusted","Units","300","units","0","v42169911","1.1.1.1.1","97008","","","","0"
"1981-08","Canada","2016A000011124","Total, new motor vehicles","Total, country of manufacture","Units","Unadjusted","Units","300","units","0","v42169911","1.1.1.1.1","84545","","","","0"
"1981-09","Canada","2016A000011124","Total, new motor vehicles","Total, country of manufacture","Units","Unadjusted","Units","300","units","0","v42169911","1.1.1.1.1","87515","","","","0"
"1981-10","Canada","2016A000011124","Total, new motor vehicles","Total, country of manufacture","Units","Unadjusted","Units","300","units","0","v42169911","1.1.1.1.1","87398","","","","0"
"1981-11","Canada","2016A000011124","Total, new motor vehicles","Total, country of manufacture","Units","Unadjusted","Units","300","units","0","v42169911","1.1.1.1.1","103231","","","","0"
"1981-12","Canada","2016A000011124","Total, new motor vehicles","Total, country of manufacture","Units","Unadjusted","Units","300","units","0","v42169911","1.1.1.1.1","63730","","","","0"
"1982-01","Canada","2016A000011124","Total, new motor vehicles","Total, country of manufacture","Units","Unadjusted","Units","300","units","0","v42169911","1.1.1.1.1","52526","","","","0"
"1982-02","Canada","2016A000011124","Total, new motor vehicles","Total, country of manufacture","Units","Unadjusted","Units","300","units","0","v42169911","1.1.1.1.1","67804","","","","0"
"1982-03","Canada","2016A000011124","Total, new motor vehicles","Total, country of manufacture","Units","Unadjusted","Units","300","units","0","v42169911","1.1.1.1.1","88437","","","","0"
"1982-04","Canada","2016A000011124","Total, new motor vehicles","Total, country of manufacture","Units","Unadjusted","Units","300","units","0","v42169911","1.1.1.1.1","93849","","","","0"
"1982-05","Canada","2016A000011124","Total, new motor vehicles","Total, country of manufacture","Units","Unadjusted","Units","300","units","0","v42169911","1.1.1.1.1","95250","","","","0"
"1982-06","Canada","2016A000011124","Total, new motor vehicles","Total, country of manufacture","Units","Unadjusted","Units","300","units","0","v42169911","1.1.1.1.1","101337","","","","0"
"1982-07","Canada","2016A000011124","Total, new motor vehicles","Total, country of manufacture","Units","Unadjusted","Units","300","units","0","v42169911","1.1.1.1.1","65076","","","","0"
"1982-08","Canada","2016A000011124","Total, new motor vehicles","Total, country of manufacture","Units","Unadjusted","Units","300","units","0","v42169911","1.1.1.1.1","72186","","","","0"
"1982-09","Canada","2016A000011124","Total, new motor vehicles","Total, country of manufacture","Units","Unadjusted","Units","300","units","0","v42169911","1.1.1.1.1","75973","","","","0"
"1982-10","Canada","2016A000011124","Total, new motor vehicles","Total, country of manufacture","Units","Unadjusted","Units","300","units","0","v42169911","1.1.1.1.1","69496","","","","0"
"1982-11","Canada","2016A000011124","Total, new motor vehicles","Total, country of manufacture","Units","Unadjusted","Units","300","units","0","v42169911","1.1.1.1.1","72150","","","","0"
"1982-12","Canada","2016A000011124","Total, new motor vehicles","Total, country of manufacture","Units","Unadjusted","Units","300","units","0","v42169911","1.1.1.1.1","66818","","","","0"
"1983-01","Canada","2016A000011124","Total, new motor vehicles","Total, country of manufacture","Units","Unadjusted","Units","300","units","0","v42169911","1.1.1.1.1","53005","","","","0"
"1983-02","Canada","2016A000011124","Total, new motor vehicles","Total, country of manufacture","Units","Unadjusted","Units","300","units","0","v42169911","1.1.1.1.1","61693","","","","0"
"1983-03","Canada","2016A000011124","Total, new motor vehicles","Total, country of manufacture","Units","Unadjusted","Units","300","units","0","v42169911","1.1.1.1.1","103466","","","","0"
"1983-04","Canada","2016A000011124","Total, new motor vehicles","Total, country of manufacture","Units","Unadjusted","Units","300","units","0","v42169911","1.1.1.1.1","113007","","","","0"
"1983-05","Canada","2016A000011124","Total, new motor vehicles","Total, country of manufacture","Units","Unadjusted","Units","300","units","0","v42169911","1.1.1.1.1","109377","","","","0"
"1983-06","Canada","2016A000011124","Total, new motor vehicles","Total, country of manufacture","Units","Unadjusted","Units","300","units","0","v42169911","1.1.1.1.1","112812","","","","0"
"1983-07","Canada","2016A000011124","Total, new motor vehicles","Total, country of manufacture","Units","Unadjusted","Units","300","units","0","v42169911","1.1.1.1.1","83221","","","","0"
"1983-08","Canada","2016A000011124","Total, new motor vehicles","Total, country of manufacture","Units","Unadjusted","Units","300","units","0","v42169911","1.1.1.1.1","89636","","","","0"
"1983-09","Canada","2016A000011124","Total, new motor vehicles","Total, country of manufacture","Units","Unadjusted","Units","300","units","0","v42169911","1.1.1.1.1","79869","","","","0"
"1983-10","Canada","2016A000011124","Total, new motor vehicles","Total, country of manufacture","Units","Unadjusted","Units","300","units","0","v42169911","1.1.1.1.1","100117","","","","0"
"1983-11","Canada","2016A000011124","Total, new motor vehicles","Total, country of manufacture","Units","Unadjusted","Units","300","units","0","v42169911","1.1.1.1.1","100686","","","","0"
"1983-12","Canada","2016A000011124","Total, new motor vehicles","Total, country of manufacture","Units","Unadjusted","Units","300","units","0","v42169911","1.1.1.1.1","74199","","","","0"
"1984-01","Canada","2016A000011124","Total, new motor vehicles","Total, country of manufacture","Units","Unadjusted","Units","300","units","0","v42169911","1.1.1.1.1","76960","","","","0"
"1984-02","Canada","2016A000011124","Total, new motor vehicles","Total, country of manufacture","Units","Unadjusted","Units","300","units","0","v42169911","1.1.1.1.1","92391","","","","0"
"1984-03","Canada","2016A000011124","Total, new motor vehicles","Total, country of manufacture","Units","Unadjusted","Units","300","units","0","v42169911","1.1.1.1.1","128129","","","","0"
"1984-04","Canada","2016A000011124","Total, new motor vehicles","Total, country of manufacture","Units","Unadjusted","Units","300","units","0","v42169911","1.1.1.1.1","121377","","","","0"
"1984-05","Canada","2016A000011124","Total, new motor vehicles","Total, country of manufacture","Units","Unadjusted","Units","300","units","0","v42169911","1.1.1.1.1","138643","","","","0"
"1984-06","Canada","2016A000011124","Total, new motor vehicles","Total, country of manufacture","Units","Unadjusted","Units","300","units","0","v42169911","1.1.1.1.1","133057","","","","0"
"1984-07","Canada","2016A000011124","Total, new motor vehicles","Total, country of manufacture","Units","Unadjusted","Units","300","units","0","v42169911","1.1.1.1.1","104721","","","","0"
"1984-08","Canada","2016A000011124","Total, new motor vehicles","Total, country of manufacture","Units","Unadjusted","Units","300","units","0","v42169911","1.1.1.1.1","97471","","","","0"
"1984-09","Canada","2016A000011124","Total, new motor vehicles","Total, country of manufacture","Units","Unadjusted","Units","300","units","0","v42169911","1.1.1.1.1","83367","","","","0"
"1984-10","Canada","2016A000011124","Total, new motor vehicles","Total, country of manufacture","Units","Unadjusted","Units","300","units","0","v42169911","1.1.1.1.1","124301","","","","0"
"1984-11","Canada","2016A000011124","Total, new motor vehicles","Total, country of manufacture","Units","Unadjusted","Units","300","units","0","v42169911","1.1.1.1.1","99942","","","","0"
"1984-12","Canada","2016A000011124","Total, new motor vehicles","Total, country of manufacture","Units","Unadjusted","Units","300","units","0","v42169911","1.1.1.1.1","83143","","","","0"
"1985-01","Canada","2016A000011124","Total, new motor vehicles","Total, country of manufacture","Units","Unadjusted","Units","300","units","0","v42169911","1.1.1.1.1","90229","","","","0"
"1985-02","Canada","2016A000011124","Total, new motor vehicles","Total, country of manufacture","Units","Unadjusted","Units","300","units","0","v42169911","1.1.1.1.1","96909","","","","0"
"1985-03","Canada","2016A000011124","Total, new motor vehicles","Total, country of manufacture","Units","Unadjusted","Units","300","units","0","v42169911","1.1.1.1.1","137726","","","","0"
"1985-04","Canada","2016A000011124","Total, new motor vehicles","Total, country of manufacture","Units","Unadjusted","Units","300","units","0","v42169911","1.1.1.1.1","157681","","","","0"
"1985-05","Canada","2016A000011124","Total, new motor vehicles","Total, country of manufacture","Units","Unadjusted","Units","300","units","0","v42169911","1.1.1.1.1","157040","","","","0"
"1985-06","Canada","2016A000011124","Total, new motor vehicles","Total, country of manufacture","Units","Unadjusted","Units","300","units","0","v42169911","1.1.1.1.1","160505","","","","0"
"1985-07","Canada","2016A000011124","Total, new motor vehicles","Total, country of manufacture","Units","Unadjusted","Units","300","units","0","v42169911","1.1.1.1.1","123904","","","","0"
"1985-08","Canada","2016A000011124","Total, new motor vehicles","Total, country of manufacture","Units","Unadjusted","Units","300","units","0","v42169911","1.1.1.1.1","123717","","","","0"
"1985-09","Canada","2016A000011124","Total, new motor vehicles","Total, country of manufacture","Units","Unadjusted","Units","300","units","0","v42169911","1.1.1.1.1","110420","","","","0"
"1985-10","Canada","2016A000011124","Total, new motor vehicles","Total, country of manufacture","Units","Unadjusted","Units","300","units","0","v42169911","1.1.1.1.1","141971","","","","0"
"1985-11","Canada","2016A000011124","Total, new motor vehicles","Total, country of manufacture","Units","Unadjusted","Units","300","units","0","v42169911","1.1.1.1.1","126132","","","","0"
"1985-12","Canada","2016A000011124","Total, new motor vehicles","Total, country of manufacture","Units","Unadjusted","Units","300","units","0","v42169911","1.1.1.1.1","104176","","","","0"
"1986-01","Canada","2016A000011124","Total, new motor vehicles","Total, country of manufacture","Units","Unadjusted","Units","300","units","0","v42169911","1.1.1.1.1","96988","","","","0"
"1986-02","Canada","2016A000011124","Total, new motor vehicles","Total, country of manufacture","Units","Unadjusted","Units","300","units","0","v42169911","1.1.1.1.1","111312","","","","0"
"1986-03","Canada","2016A000011124","Total, new motor vehicles","Total, country of manufacture","Units","Unadjusted","Units","300","units","0","v42169911","1.1.1.1.1","133481","","","","0"
"1986-04","Canada","2016A000011124","Total, new motor vehicles","Total, country of manufacture","Units","Unadjusted","Units","300","units","0","v42169911","1.1.1.1.1","162234","","","","0"
"1986-05","Canada","2016A000011124","Total, new motor vehicles","Total, country of manufacture","Units","Unadjusted","Units","300","units","0","v42169911","1.1.1.1.1","156923","","","","0"
"1986-06","Canada","2016A000011124","Total, new motor vehicles","Total, country of manufacture","Units","Unadjusted","Units","300","units","0","v42169911","1.1.1.1.1","144047","","","","0"
"1986-07","Canada","2016A000011124","Total, new motor vehicles","Total, country of manufacture","Units","Unadjusted","Units","300","units","0","v42169911","1.1.1.1.1","138513","","","","0"
"1986-08","Canada","2016A000011124","Total, new motor vehicles","Total, country of manufacture","Units","Unadjusted","Units","300","units","0","v42169911","1.1.1.1.1","119181","","","","0"
"1986-09","Canada","2016A000011124","Total, new motor vehicles","Total, country of manufacture","Units","Unadjusted","Units","300","units","0","v42169911","1.1.1.1.1","118424","","","","0"
"1986-10","Canada","2016A000011124","Total, new motor vehicles","Total, country of manufacture","Units","Unadjusted","Units","300","units","0","v42169911","1.1.1.1.1","128379","","","","0"
"1986-11","Canada","2016A000011124","Total, new motor vehicles","Total, country of manufacture","Units","Unadjusted","Units","300","units","0","v42169911","1.1.1.1.1","105987","","","","0"
"1986-12","Canada","2016A000011124","Total, new motor vehicles","Total, country of manufacture","Units","Unadjusted","Units","300","units","0","v42169911","1.1.1.1.1","100451","","","","0"
"1987-01","Canada","2016A000011124","Total, new motor vehicles","Total, country of manufacture","Units","Unadjusted","Units","300","units","0","v42169911","1.1.1.1.1","83076","","","","0"
"1987-02","Canada","2016A000011124","Total, new motor vehicles","Total, country of manufacture","Units","Unadjusted","Units","300","units","0","v42169911","1.1.1.1.1","101655","","","","0"
"1987-03","Canada","2016A000011124","Total, new motor vehicles","Total, country of manufacture","Units","Unadjusted","Units","300","units","0","v42169911","1.1.1.1.1","146400","","","","0"
"1987-04","Canada","2016A000011124","Total, new motor vehicles","Total, country of manufacture","Units","Unadjusted","Units","300","units","0","v42169911","1.1.1.1.1","168957","","","","0"
"1987-05","Canada","2016A000011124","Total, new motor vehicles","Total, country of manufacture","Units","Unadjusted","Units","300","units","0","v42169911","1.1.1.1.1","149223","","","","0"
"1987-06","Canada","2016A000011124","Total, new motor vehicles","Total, country of manufacture","Units","Unadjusted","Units","300","units","0","v42169911","1.1.1.1.1","164576","","","","0"
"1987-07","Canada","2016A000011124","Total, new motor vehicles","Total, country of manufacture","Units","Unadjusted","Units","300","units","0","v42169911","1.1.1.1.1","121440","","","","0"
"1987-08","Canada","2016A000011124","Total, new motor vehicles","Total, country of manufacture","Units","Unadjusted","Units","300","units","0","v42169911","1.1.1.1.1","122611","","","","0"
"1987-09","Canada","2016A000011124","Total, new motor vehicles","Total, country of manufacture","Units","Unadjusted","Units","300","units","0","v42169911","1.1.1.1.1","113680","","","","0"
"1987-10","Canada","2016A000011124","Total, new motor vehicles","Total, country of manufacture","Units","Unadjusted","Units","300","units","0","v42169911","1.1.1.1.1","137855","","","","0"
"1987-11","Canada","2016A000011124","Total, new motor vehicles","Total, country of manufacture","Units","Unadjusted","Units","300","units","0","v42169911","1.1.1.1.1","121033","","","","0"
"1987-12","Canada","2016A000011124","Total, new motor vehicles","Total, country of manufacture","Units","Unadjusted","Units","300","units","0","v42169911","1.1.1.1.1","103131","","","","0"
"1988-01","Canada","2016A000011124","Total, new motor vehicles","Total, country of manufacture","Units","Unadjusted","Units","300","units","0","v42169911","1.1.1.1.1","89402","","","","0"
"1988-02","Canada","2016A000011124","Total, new motor vehicles","Total, country of manufacture","Units","Unadjusted","Units","300","units","0","v42169911","1.1.1.1.1","103159","","","","0"
"1988-03","Canada","2016A000011124","Total, new motor vehicles","Total, country of manufacture","Units","Unadjusted","Units","300","units","0","v42169911","1.1.1.1.1","161868","","","","0"
"1988-04","Canada","2016A000011124","Total, new motor vehicles","Total, country of manufacture","Units","Unadjusted","Units","300","units","0","v42169911","1.1.1.1.1","159970","","","","0"
"1988-05","Canada","2016A000011124","Total, new motor vehicles","Total, country of manufacture","Units","Unadjusted","Units","300","units","0","v42169911","1.1.1.1.1","170391","","","","0"
"1988-06","Canada","2016A000011124","Total, new motor vehicles","Total, country of manufacture","Units","Unadjusted","Units","300","units","0","v42169911","1.1.1.1.1","150832","","","","0"
"1988-07","Canada","2016A000011124","Total, new motor vehicles","Total, country of manufacture","Units","Unadjusted","Units","300","units","0","v42169911","1.1.1.1.1","123963","","","","0"
"1988-08","Canada","2016A000011124","Total, new motor vehicles","Total, country of manufacture","Units","Unadjusted","Units","300","units","0","v42169911","1.1.1.1.1","129525","","","","0"
"1988-09","Canada","2016A000011124","Total, new motor vehicles","Total, country of manufacture","Units","Unadjusted","Units","300","units","0","v42169911","1.1.1.1.1","116134","","","","0"
"1988-10","Canada","2016A000011124","Total, new motor vehicles","Total, country of manufacture","Units","Unadjusted","Units","300","units","0","v42169911","1.1.1.1.1","131174","","","","0"
"1988-11","Canada","2016A000011124","Total, new motor vehicles","Total, country of manufacture","Units","Unadjusted","Units","300","units","0","v42169911","1.1.1.1.1","122397","","","","0"
"1988-12","Canada","2016A000011124","Total, new motor vehicles","Total, country of manufacture","Units","Unadjusted","Units","300","units","0","v42169911","1.1.1.1.1","106686","","","","0"
"1989-01","Canada","2016A000011124","Total, new motor vehicles","Total, country of manufacture","Units","Unadjusted","Units","300","units","0","v42169911","1.1.1.1.1","84735","","","","0"
"1989-02","Canada","2016A000011124","Total, new motor vehicles","Total, country of manufacture","Units","Unadjusted","Units","300","units","0","v42169911","1.1.1.1.1","99704","","","","0"
"1989-03","Canada","2016A000011124","Total, new motor vehicles","Total, country of manufacture","Units","Unadjusted","Units","300","units","0","v42169911","1.1.1.1.1","136169","","","","0"
"1989-04","Canada","2016A000011124","Total, new motor vehicles","Total, country of manufacture","Units","Unadjusted","Units","300","units","0","v42169911","1.1.1.1.1","174451","","","","0"
"1989-05","Canada","2016A000011124","Total, new motor vehicles","Total, country of manufacture","Units","Unadjusted","Units","300","units","0","v42169911","1.1.1.1.1","173769","","","","0"
"1989-06","Canada","2016A000011124","Total, new motor vehicles","Total, country of manufacture","Units","Unadjusted","Units","300","units","0","v42169911","1.1.1.1.1","141364","","","","0"
"1989-07","Canada","2016A000011124","Total, new motor vehicles","Total, country of manufacture","Units","Unadjusted","Units","300","units","0","v42169911","1.1.1.1.1","109259","","","","0"
"1989-08","Canada","2016A000011124","Total, new motor vehicles","Total, country of manufacture","Units","Unadjusted","Units","300","units","0","v42169911","1.1.1.1.1","121730","","","","0"
"1989-09","Canada","2016A000011124","Total, new motor vehicles","Total, country of manufacture","Units","Unadjusted","Units","300","units","0","v42169911","1.1.1.1.1","115863","","","","0"
"1989-10","Canada","2016A000011124","Total, new motor vehicles","Total, country of manufacture","Units","Unadjusted","Units","300","units","0","v42169911","1.1.1.1.1","123737","","","","0"
"1989-11","Canada","2016A000011124","Total, new motor vehicles","Total, country of manufacture","Units","Unadjusted","Units","300","units","0","v42169911","1.1.1.1.1","113476","","","","0"
"1989-12","Canada","2016A000011124","Total, new motor vehicles","Total, country of manufacture","Units","Unadjusted","Units","300","units","0","v42169911","1.1.1.1.1","89618","","","","0"
"1990-01","Canada","2016A000011124","Total, new motor vehicles","Total, country of manufacture","Units","Unadjusted","Units","300","units","0","v42169911","1.1.1.1.1","91288","","","","0"
"1990-02","Canada","2016A000011124","Total, new motor vehicles","Total, country of manufacture","Units","Unadjusted","Units","300","units","0","v42169911","1.1.1.1.1","88583","","","","0"
"1990-03","Canada","2016A000011124","Total, new motor vehicles","Total, country of manufacture","Units","Unadjusted","Units","300","units","0","v42169911","1.1.1.1.1","139653","","","","0"
"1990-04","Canada","2016A000011124","Total, new motor vehicles","Total, country of manufacture","Units","Unadjusted","Units","300","units","0","v42169911","1.1.1.1.1","134243","","","","0"
"1990-05","Canada","2016A000011124","Total, new motor vehicles","Total, country of manufacture","Units","Unadjusted","Units","300","units","0","v42169911","1.1.1.1.1","148056","","","","0"
"1990-06","Canada","2016A000011124","Total, new motor vehicles","Total, country of manufacture","Units","Unadjusted","Units","300","units","0","v42169911","1.1.1.1.1","136787","","","","0"
"1990-07","Canada","2016A000011124","Total, new motor vehicles","Total, country of manufacture","Units","Unadjusted","Units","300","units","0","v42169911","1.1.1.1.1","110807","","","","0"
"1990-08","Canada","2016A000011124","Total, new motor vehicles","Total, country of manufacture","Units","Unadjusted","Units","300","units","0","v42169911","1.1.1.1.1","109046","","","","0"
"1990-09","Canada","2016A000011124","Total, new motor vehicles","Total, country of manufacture","Units","Unadjusted","Units","300","units","0","v42169911","1.1.1.1.1","93393","","","","0"
"1990-10","Canada","2016A000011124","Total, new motor vehicles","Total, country of manufacture","Units","Unadjusted","Units","300","units","0","v42169911","1.1.1.1.1","106023","","","","0"
"1990-11","Canada","2016A000011124","Total, new motor vehicles","Total, country of manufacture","Units","Unadjusted","Units","300","units","0","v42169911","1.1.1.1.1","89011","","","","0"
"1990-12","Canada","2016A000011124","Total, new motor vehicles","Total, country of manufacture","Units","Unadjusted","Units","300","units","0","v42169911","1.1.1.1.1","70979","","","","0"
"1991-01","Canada","2016A000011124","Total, new motor vehicles","Total, country of manufacture","Units","Unadjusted","Units","300","units","0","v42169911","1.1.1.1.1","83716","","","","0"
"1991-02","Canada","2016A000011124","Total, new motor vehicles","Total, country of manufacture","Units","Unadjusted","Units","300","units","0","v42169911","1.1.1.1.1","81299","","","","0"
"1991-03","Canada","2016A000011124","Total, new motor vehicles","Total, country of manufacture","Units","Unadjusted","Units","300","units","0","v42169911","1.1.1.1.1","109716","","","","0"
"1991-04","Canada","2016A000011124","Total, new motor vehicles","Total, country of manufacture","Units","Unadjusted","Units","300","units","0","v42169911","1.1.1.1.1","139820","","","","0"
"1991-05","Canada","2016A000011124","Total, new motor vehicles","Total, country of manufacture","Units","Unadjusted","Units","300","units","0","v42169911","1.1.1.1.1","146960","","","","0"
"1991-06","Canada","2016A000011124","Total, new motor vehicles","Total, country of manufacture","Units","Unadjusted","Units","300","units","0","v42169911","1.1.1.1.1","141662","","","","0"
"1991-07","Canada","2016A000011124","Total, new motor vehicles","Total, country of manufacture","Units","Unadjusted","Units","300","units","0","v42169911","1.1.1.1.1","123736","","","","0"
"1991-08","Canada","2016A000011124","Total, new motor vehicles","Total, country of manufacture","Units","Unadjusted","Units","300","units","0","v42169911","1.1.1.1.1","98964","","","","0"
"1991-09","Canada","2016A000011124","Total, new motor vehicles","Total, country of manufacture","Units","Unadjusted","Units","300","units","0","v42169911","1.1.1.1.1","103787","","","","0"
"1991-10","Canada","2016A000011124","Total, new motor vehicles","Total, country of manufacture","Units","Unadjusted","Units","300","units","0","v42169911","1.1.1.1.1","95686","","","","0"
"1991-11","Canada","2016A000011124","Total, new motor vehicles","Total, country of manufacture","Units","Unadjusted","Units","300","units","0","v42169911","1.1.1.1.1","88967","","","","0"
"1991-12","Canada","2016A000011124","Total, new motor vehicles","Total, country of manufacture","Units","Unadjusted","Units","300","units","0","v42169911","1.1.1.1.1","73477","","","","0"
"1992-01","Canada","2016A000011124","Total, new motor vehicles","Total, country of manufacture","Units","Unadjusted","Units","300","units","0","v42169911","1.1.1.1.1","79512","","","","0"
"1992-02","Canada","2016A000011124","Total, new motor vehicles","Total, country of manufacture","Units","Unadjusted","Units","300","units","0","v42169911","1.1.1.1.1","82293","","","","0"
"1992-03","Canada","2016A000011124","Total, new motor vehicles","Total, country of manufacture","Units","Unadjusted","Units","300","units","0","v42169911","1.1.1.1.1","110160","","","","0"
"1992-04","Canada","2016A000011124","Total, new motor vehicles","Total, country of manufacture","Units","Unadjusted","Units","300","units","0","v42169911","1.1.1.1.1","124848","","","","0"
"1992-05","Canada","2016A000011124","Total, new motor vehicles","Total, country of manufacture","Units","Unadjusted","Units","300","units","0","v42169911","1.1.1.1.1","125257","","","","0"
"1992-06","Canada","2016A000011124","Total, new motor vehicles","Total, country of manufacture","Units","Unadjusted","Units","300","units","0","v42169911","1.1.1.1.1","125177","","","","0"
"1992-07","Canada","2016A000011124","Total, new motor vehicles","Total, country of manufacture","Units","Unadjusted","Units","300","units","0","v42169911","1.1.1.1.1","110326","","","","0"
"1992-08","Canada","2016A000011124","Total, new motor vehicles","Total, country of manufacture","Units","Unadjusted","Units","300","units","0","v42169911","1.1.1.1.1","97489","","","","0"
"1992-09","Canada","2016A000011124","Total, new motor vehicles","Total, country of manufacture","Units","Unadjusted","Units","300","units","0","v42169911","1.1.1.1.1","103782","","","","0"
"1992-10","Canada","2016A000011124","Total, new motor vehicles","Total, country of manufacture","Units","Unadjusted","Units","300","units","0","v42169911","1.1.1.1.1","96567","","","","0"
"1992-11","Canada","2016A000011124","Total, new motor vehicles","Total, country of manufacture","Units","Unadjusted","Units","300","units","0","v42169911","1.1.1.1.1","88063","","","","0"
"1992-12","Canada","2016A000011124","Total, new motor vehicles","Total, country of manufacture","Units","Unadjusted","Units","300","units","0","v42169911","1.1.1.1.1","83945","","","","0"
"1993-01","Canada","2016A000011124","Total, new motor vehicles","Total, country of manufacture","Units","Unadjusted","Units","300","units","0","v42169911","1.1.1.1.1","68290","","","","0"
"1993-02","Canada","2016A000011124","Total, new motor vehicles","Total, country of manufacture","Units","Unadjusted","Units","300","units","0","v42169911","1.1.1.1.1","68765","","","","0"
"1993-03","Canada","2016A000011124","Total, new motor vehicles","Total, country of manufacture","Units","Unadjusted","Units","300","units","0","v42169911","1.1.1.1.1","113520","","","","0"
"1993-04","Canada","2016A000011124","Total, new motor vehicles","Total, country of manufacture","Units","Unadjusted","Units","300","units","0","v42169911","1.1.1.1.1","123786","","","","0"
"1993-05","Canada","2016A000011124","Total, new motor vehicles","Total, country of manufacture","Units","Unadjusted","Units","300","units","0","v42169911","1.1.1.1.1","128404","","","","0"
"1993-06","Canada","2016A000011124","Total, new motor vehicles","Total, country of manufacture","Units","Unadjusted","Units","300","units","0","v42169911","1.1.1.1.1","119001","","","","0"
"1993-07","Canada","2016A000011124","Total, new motor vehicles","Total, country of manufacture","Units","Unadjusted","Units","300","units","0","v42169911","1.1.1.1.1","107933","","","","0"
"1993-08","Canada","2016A000011124","Total, new motor vehicles","Total, country of manufacture","Units","Unadjusted","Units","300","units","0","v42169911","1.1.1.1.1","96017","","","","0"
"1993-09","Canada","2016A000011124","Total, new motor vehicles","Total, country of manufacture","Units","Unadjusted","Units","300","units","0","v42169911","1.1.1.1.1","94832","","","","0"
"1993-10","Canada","2016A000011124","Total, new motor vehicles","Total, country of manufacture","Units","Unadjusted","Units","300","units","0","v42169911","1.1.1.1.1","95386","","","","0"
"1993-11","Canada","2016A000011124","Total, new motor vehicles","Total, country of manufacture","Units","Unadjusted","Units","300","units","0","v42169911","1.1.1.1.1","94665","","","","0"
"1993-12","Canada","2016A000011124","Total, new motor vehicles","Total, country of manufacture","Units","Unadjusted","Units","300","units","0","v42169911","1.1.1.1.1","82335","","","","0"
"1994-01","Canada","2016A000011124","Total, new motor vehicles","Total, country of manufacture","Units","Unadjusted","Units","300","units","0","v42169911","1.1.1.1.1","76528","","","","0"
"1994-02","Canada","2016A000011124","Total, new motor vehicles","Total, country of manufacture","Units","Unadjusted","Units","300","units","0","v42169911","1.1.1.1.1","81981","","","","0"
"1994-03","Canada","2016A000011124","Total, new motor vehicles","Total, country of manufacture","Units","Unadjusted","Units","300","units","0","v42169911","1.1.1.1.1","123663","","","","0"
"1994-04","Canada","2016A000011124","Total, new motor vehicles","Total, country of manufacture","Units","Unadjusted","Units","300","units","0","v42169911","1.1.1.1.1","125672","","","","0"
"1994-05","Canada","2016A000011124","Total, new motor vehicles","Total, country of manufacture","Units","Unadjusted","Units","300","units","0","v42169911","1.1.1.1.1","135452","","","","0"
"1994-06","Canada","2016A000011124","Total, new motor vehicles","Total, country of manufacture","Units","Unadjusted","Units","300","units","0","v42169911","1.1.1.1.1","134896","","","","0"
"1994-07","Canada","2016A000011124","Total, new motor vehicles","Total, country of manufacture","Units","Unadjusted","Units","300","units","0","v42169911","1.1.1.1.1","102422","","","","0"
"1994-08","Canada","2016A000011124","Total, new motor vehicles","Total, country of manufacture","Units","Unadjusted","Units","300","units","0","v42169911","1.1.1.1.1","93723","","","","0"
"1994-09","Canada","2016A000011124","Total, new motor vehicles","Total, country of manufacture","Units","Unadjusted","Units","300","units","0","v42169911","1.1.1.1.1","100080","","","","0"
"1994-10","Canada","2016A000011124","Total, new motor vehicles","Total, country of manufacture","Units","Unadjusted","Units","300","units","0","v42169911","1.1.1.1.1","103460","","","","0"
"1994-11","Canada","2016A000011124","Total, new motor vehicles","Total, country of manufacture","Units","Unadjusted","Units","300","units","0","v42169911","1.1.1.1.1","97197","","","","0"
"1994-12","Canada","2016A000011124","Total, new motor vehicles","Total, country of manufacture","Units","Unadjusted","Units","300","units","0","v42169911","1.1.1.1.1","84982","","","","0"
"1995-01","Canada","2016A000011124","Total, new motor vehicles","Total, country of manufacture","Units","Unadjusted","Units","300","units","0","v42169911","1.1.1.1.1","74721","","","","0"
"1995-02","Canada","2016A000011124","Total, new motor vehicles","Total, country of manufacture","Units","Unadjusted","Units","300","units","0","v42169911","1.1.1.1.1","76964","","","","0"
"1995-03","Canada","2016A000011124","Total, new motor vehicles","Total, country of manufacture","Units","Unadjusted","Units","300","units","0","v42169911","1.1.1.1.1","109830","","","","0"
"1995-04","Canada","2016A000011124","Total, new motor vehicles","Total, country of manufacture","Units","Unadjusted","Units","300","units","0","v42169911","1.1.1.1.1","102986","","","","0"
"1995-05","Canada","2016A000011124","Total, new motor vehicles","Total, country of manufacture","Units","Unadjusted","Units","300","units","0","v42169911","1.1.1.1.1","125381","","","","0"
"1995-06","Canada","2016A000011124","Total, new motor vehicles","Total, country of manufacture","Units","Unadjusted","Units","300","units","0","v42169911","1.1.1.1.1","122535","","","","0"
"1995-07","Canada","2016A000011124","Total, new motor vehicles","Total, country of manufacture","Units","Unadjusted","Units","300","units","0","v42169911","1.1.1.1.1","93041","","","","0"
"1995-08","Canada","2016A000011124","Total, new motor vehicles","Total, country of manufacture","Units","Unadjusted","Units","300","units","0","v42169911","1.1.1.1.1","98953","","","","0"
"1995-09","Canada","2016A000011124","Total, new motor vehicles","Total, country of manufacture","Units","Unadjusted","Units","300","units","0","v42169911","1.1.1.1.1","100351","","","","0"
"1995-10","Canada","2016A000011124","Total, new motor vehicles","Total, country of manufacture","Units","Unadjusted","Units","300","units","0","v42169911","1.1.1.1.1","94070","","","","0"
"1995-11","Canada","2016A000011124","Total, new motor vehicles","Total, country of manufacture","Units","Unadjusted","Units","300","units","0","v42169911","1.1.1.1.1","87890","","","","0"
"1995-12","Canada","2016A000011124","Total, new motor vehicles","Total, country of manufacture","Units","Unadjusted","Units","300","units","0","v42169911","1.1.1.1.1","79813","","","","0"
"1996-01","Canada","2016A000011124","Total, new motor vehicles","Total, country of manufacture","Units","Unadjusted","Units","300","units","0","v42169911","1.1.1.1.1","73765","","","","0"
"1996-02","Canada","2016A000011124","Total, new motor vehicles","Total, country of manufacture","Units","Unadjusted","Units","300","units","0","v42169911","1.1.1.1.1","81180","","","","0"
"1996-03","Canada","2016A000011124","Total, new motor vehicles","Total, country of manufacture","Units","Unadjusted","Units","300","units","0","v42169911","1.1.1.1.1","105370","","","","0"
"1996-04","Canada","2016A000011124","Total, new motor vehicles","Total, country of manufacture","Units","Unadjusted","Units","300","units","0","v42169911","1.1.1.1.1","104783","","","","0"
"1996-05","Canada","2016A000011124","Total, new motor vehicles","Total, country of manufacture","Units","Unadjusted","Units","300","units","0","v42169911","1.1.1.1.1","125989","","","","0"
"1996-06","Canada","2016A000011124","Total, new motor vehicles","Total, country of manufacture","Units","Unadjusted","Units","300","units","0","v42169911","1.1.1.1.1","122206","","","","0"
"1996-07","Canada","2016A000011124","Total, new motor vehicles","Total, country of manufacture","Units","Unadjusted","Units","300","units","0","v42169911","1.1.1.1.1","100108","","","","0"
"1996-08","Canada","2016A000011124","Total, new motor vehicles","Total, country of manufacture","Units","Unadjusted","Units","300","units","0","v42169911","1.1.1.1.1","94134","","","","0"
"1996-09","Canada","2016A000011124","Total, new motor vehicles","Total, country of manufacture","Units","Unadjusted","Units","300","units","0","v42169911","1.1.1.1.1","95276","","","","0"
"1996-10","Canada","2016A000011124","Total, new motor vehicles","Total, country of manufacture","Units","Unadjusted","Units","300","units","0","v42169911","1.1.1.1.1","108552","","","","0"
"1996-11","Canada","2016A000011124","Total, new motor vehicles","Total, country of manufacture","Units","Unadjusted","Units","300","units","0","v42169911","1.1.1.1.1","97327","","","","0"
"1996-12","Canada","2016A000011124","Total, new motor vehicles","Total, country of manufacture","Units","Unadjusted","Units","300","units","0","v42169911","1.1.1.1.1","95867","","","","0"
"1997-01","Canada","2016A000011124","Total, new motor vehicles","Total, country of manufacture","Units","Unadjusted","Units","300","units","0","v42169911","1.1.1.1.1","80002","","","","0"
"1997-02","Canada","2016A000011124","Total, new motor vehicles","Total, country of manufacture","Units","Unadjusted","Units","300","units","0","v42169911","1.1.1.1.1","89210","","","","0"
"1997-03","Canada","2016A000011124","Total, new motor vehicles","Total, country of manufacture","Units","Unadjusted","Units","300","units","0","v42169911","1.1.1.1.1","123276","","","","0"
"1997-04","Canada","2016A000011124","Total, new motor vehicles","Total, country of manufacture","Units","Unadjusted","Units","300","units","0","v42169911","1.1.1.1.1","135184","","","","0"
"1997-05","Canada","2016A000011124","Total, new motor vehicles","Total, country of manufacture","Units","Unadjusted","Units","300","units","0","v42169911","1.1.1.1.1","147753","","","","0"
"1997-06","Canada","2016A000011124","Total, new motor vehicles","Total, country of manufacture","Units","Unadjusted","Units","300","units","0","v42169911","1.1.1.1.1","136006","","","","0"
"1997-07","Canada","2016A000011124","Total, new motor vehicles","Total, country of manufacture","Units","Unadjusted","Units","300","units","0","v42169911","1.1.1.1.1","121096","","","","0"
"1997-08","Canada","2016A000011124","Total, new motor vehicles","Total, country of manufacture","Units","Unadjusted","Units","300","units","0","v42169911","1.1.1.1.1","111157","","","","0"
"1997-09","Canada","2016A000011124","Total, new motor vehicles","Total, country of manufacture","Units","Unadjusted","Units","300","units","0","v42169911","1.1.1.1.1","113716","","","","0"
"1997-10","Canada","2016A000011124","Total, new motor vehicles","Total, country of manufacture","Units","Unadjusted","Units","300","units","0","v42169911","1.1.1.1.1","118395","","","","0"
"1997-11","Canada","2016A000011124","Total, new motor vehicles","Total, country of manufacture","Units","Unadjusted","Units","300","units","0","v42169911","1.1.1.1.1","112385","","","","0"
"1997-12","Canada","2016A000011124","Total, new motor vehicles","Total, country of manufacture","Units","Unadjusted","Units","300","units","0","v42169911","1.1.1.1.1","136200","","","","0"
"1998-01","Canada","2016A000011124","Total, new motor vehicles","Total, country of manufacture","Units","Unadjusted","Units","300","units","0","v42169911","1.1.1.1.1","77409","","","","0"
"1998-02","Canada","2016A000011124","Total, new motor vehicles","Total, country of manufacture","Units","Unadjusted","Units","300","units","0","v42169911","1.1.1.1.1","86860","","","","0"
"1998-03","Canada","2016A000011124","Total, new motor vehicles","Total, country of manufacture","Units","Unadjusted","Units","300","units","0","v42169911","1.1.1.1.1","131463","","","","0"
"1998-04","Canada","2016A000011124","Total, new motor vehicles","Total, country of manufacture","Units","Unadjusted","Units","300","units","0","v42169911","1.1.1.1.1","140547","","","","0"
"1998-05","Canada","2016A000011124","Total, new motor vehicles","Total, country of manufacture","Units","Unadjusted","Units","300","units","0","v42169911","1.1.1.1.1","158144","","","","0"
"1998-06","Canada","2016A000011124","Total, new motor vehicles","Total, country of manufacture","Units","Unadjusted","Units","300","units","0","v42169911","1.1.1.1.1","152505","","","","0"
"1998-07","Canada","2016A000011124","Total, new motor vehicles","Total, country of manufacture","Units","Unadjusted","Units","300","units","0","v42169911","1.1.1.1.1","120549","","","","0"
"1998-08","Canada","2016A000011124","Total, new motor vehicles","Total, country of manufacture","Units","Unadjusted","Units","300","units","0","v42169911","1.1.1.1.1","110404","","","","0"
"1998-09","Canada","2016A000011124","Total, new motor vehicles","Total, country of manufacture","Units","Unadjusted","Units","300","units","0","v42169911","1.1.1.1.1","126952","","","","0"
"1998-10","Canada","2016A000011124","Total, new motor vehicles","Total, country of manufacture","Units","Unadjusted","Units","300","units","0","v42169911","1.1.1.1.1","109398","","","","0"
"1998-11","Canada","2016A000011124","Total, new motor vehicles","Total, country of manufacture","Units","Unadjusted","Units","300","units","0","v42169911","1.1.1.1.1","106440","","","","0"
"1998-12","Canada","2016A000011124","Total, new motor vehicles","Total, country of manufacture","Units","Unadjusted","Units","300","units","0","v42169911","1.1.1.1.1","108261","","","","0"
"1999-01","Canada","2016A000011124","Total, new motor vehicles","Total, country of manufacture","Units","Unadjusted","Units","300","units","0","v42169911","1.1.1.1.1","86790","","","","0"
"1999-02","Canada","2016A000011124","Total, new motor vehicles","Total, country of manufacture","Units","Unadjusted","Units","300","units","0","v42169911","1.1.1.1.1","90913","","","","0"
"1999-03","Canada","2016A000011124","Total, new motor vehicles","Total, country of manufacture","Units","Unadjusted","Units","300","units","0","v42169911","1.1.1.1.1","144526","","","","0"
"1999-04","Canada","2016A000011124","Total, new motor vehicles","Total, country of manufacture","Units","Unadjusted","Units","300","units","0","v42169911","1.1.1.1.1","142870","","","","0"
"1999-05","Canada","2016A000011124","Total, new motor vehicles","Total, country of manufacture","Units","Unadjusted","Units","300","units","0","v42169911","1.1.1.1.1","153101","","","","0"
"1999-06","Canada","2016A000011124","Total, new motor vehicles","Total, country of manufacture","Units","Unadjusted","Units","300","units","0","v42169911","1.1.1.1.1","156553","","","","0"
"1999-07","Canada","2016A000011124","Total, new motor vehicles","Total, country of manufacture","Units","Unadjusted","Units","300","units","0","v42169911","1.1.1.1.1","130047","","","","0"
"1999-08","Canada","2016A000011124","Total, new motor vehicles","Total, country of manufacture","Units","Unadjusted","Units","300","units","0","v42169911","1.1.1.1.1","125410","","","","0"
"1999-09","Canada","2016A000011124","Total, new motor vehicles","Total, country of manufacture","Units","Unadjusted","Units","300","units","0","v42169911","1.1.1.1.1","136298","","","","0"
"1999-10","Canada","2016A000011124","Total, new motor vehicles","Total, country of manufacture","Units","Unadjusted","Units","300","units","0","v42169911","1.1.1.1.1","120347","","","","0"
"1999-11","Canada","2016A000011124","Total, new motor vehicles","Total, country of manufacture","Units","Unadjusted","Units","300","units","0","v42169911","1.1.1.1.1","122625","","","","0"
"1999-12","Canada","2016A000011124","Total, new motor vehicles","Total, country of manufacture","Units","Unadjusted","Units","300","units","0","v42169911","1.1.1.1.1","132561","","","","0"
"2000-01","Canada","2016A000011124","Total, new motor vehicles","Total, country of manufacture","Units","Unadjusted","Units","300","units","0","v42169911","1.1.1.1.1","94001","","","","0"
"2000-02","Canada","2016A000011124","Total, new motor vehicles","Total, country of manufacture","Units","Unadjusted","Units","300","units","0","v42169911","1.1.1.1.1","98810","","","","0"
"2000-03","Canada","2016A000011124","Total, new motor vehicles","Total, country of manufacture","Units","Unadjusted","Units","300","units","0","v42169911","1.1.1.1.1","155496","","","","0"
"2000-04","Canada","2016A000011124","Total, new motor vehicles","Total, country of manufacture","Units","Unadjusted","Units","300","units","0","v42169911","1.1.1.1.1","147619","","","","0"
"2000-05","Canada","2016A000011124","Total, new motor vehicles","Total, country of manufacture","Units","Unadjusted","Units","300","units","0","v42169911","1.1.1.1.1","167225","","","","0"
"2000-06","Canada","2016A000011124","Total, new motor vehicles","Total, country of manufacture","Units","Unadjusted","Units","300","units","0","v42169911","1.1.1.1.1","160649","","","","0"
"2000-07","Canada","2016A000011124","Total, new motor vehicles","Total, country of manufacture","Units","Unadjusted","Units","300","units","0","v42169911","1.1.1.1.1","128960","","","","0"
"2000-08","Canada","2016A000011124","Total, new motor vehicles","Total, country of manufacture","Units","Unadjusted","Units","300","units","0","v42169911","1.1.1.1.1","141733","","","","0"
"2000-09","Canada","2016A000011124","Total, new motor vehicles","Total, country of manufacture","Units","Unadjusted","Units","300","units","0","v42169911","1.1.1.1.1","146361","","","","0"
"2000-10","Canada","2016A000011124","Total, new motor vehicles","Total, country of manufacture","Units","Unadjusted","Units","300","units","0","v42169911","1.1.1.1.1","112936","","","","0"
"2000-11","Canada","2016A000011124","Total, new motor vehicles","Total, country of manufacture","Units","Unadjusted","Units","300","units","0","v42169911","1.1.1.1.1","117609","","","","0"
"2000-12","Canada","2016A000011124","Total, new motor vehicles","Total, country of manufacture","Units","Unadjusted","Units","300","units","0","v42169911","1.1.1.1.1","116162","","","","0"
"2001-01","Canada","2016A000011124","Total, new motor vehicles","Total, country of manufacture","Units","Unadjusted","Units","300","units","0","v42169911","1.1.1.1.1","96791","","","","0"
"2001-02","Canada","2016A000011124","Total, new motor vehicles","Total, country of manufacture","Units","Unadjusted","Units","300","units","0","v42169911","1.1.1.1.1","89159","","","","0"
"2001-03","Canada","2016A000011124","Total, new motor vehicles","Total, country of manufacture","Units","Unadjusted","Units","300","units","0","v42169911","1.1.1.1.1","143189","","","","0"
"2001-04","Canada","2016A000011124","Total, new motor vehicles","Total, country of manufacture","Units","Unadjusted","Units","300","units","0","v42169911","1.1.1.1.1","150179","","","","0"
"2001-05","Canada","2016A000011124","Total, new motor vehicles","Total, country of manufacture","Units","Unadjusted","Units","300","units","0","v42169911","1.1.1.1.1","169058","","","","0"
"2001-06","Canada","2016A000011124","Total, new motor vehicles","Total, country of manufacture","Units","Unadjusted","Units","300","units","0","v42169911","1.1.1.1.1","161079","","","","0"
"2001-07","Canada","2016A000011124","Total, new motor vehicles","Total, country of manufacture","Units","Unadjusted","Units","300","units","0","v42169911","1.1.1.1.1","130499","","","","0"
"2001-08","Canada","2016A000011124","Total, new motor vehicles","Total, country of manufacture","Units","Unadjusted","Units","300","units","0","v42169911","1.1.1.1.1","139030","","","","0"
"2001-09","Canada","2016A000011124","Total, new motor vehicles","Total, country of manufacture","Units","Unadjusted","Units","300","units","0","v42169911","1.1.1.1.1","127045","","","","0"
"2001-10","Canada","2016A000011124","Total, new motor vehicles","Total, country of manufacture","Units","Unadjusted","Units","300","units","0","v42169911","1.1.1.1.1","124217","","","","0"
"2001-11","Canada","2016A000011124","Total, new motor vehicles","Total, country of manufacture","Units","Unadjusted","Units","300","units","0","v42169911","1.1.1.1.1","131917","","","","0"
"2001-12","Canada","2016A000011124","Total, new motor vehicles","Total, country of manufacture","Units","Unadjusted","Units","300","units","0","v42169911","1.1.1.1.1","135801","","","","0"
"2002-01","Canada","2016A000011124","Total, new motor vehicles","Total, country of manufacture","Units","Unadjusted","Units","300","units","0","v42169911","1.1.1.1.1","112105","","","","0"
"2002-02","Canada","2016A000011124","Total, new motor vehicles","Total, country of manufacture","Units","Unadjusted","Units","300","units","0","v42169911","1.1.1.1.1","103981","","","","0"
"2002-03","Canada","2016A000011124","Total, new motor vehicles","Total, country of manufacture","Units","Unadjusted","Units","300","units","0","v42169911","1.1.1.1.1","150286","","","","0"
"2002-04","Canada","2016A000011124","Total, new motor vehicles","Total, country of manufacture","Units","Unadjusted","Units","300","units","0","v42169911","1.1.1.1.1","167558","","","","0"
"2002-05","Canada","2016A000011124","Total, new motor vehicles","Total, country of manufacture","Units","Unadjusted","Units","300","units","0","v42169911","1.1.1.1.1","186313","","","","0"
"2002-06","Canada","2016A000011124","Total, new motor vehicles","Total, country of manufacture","Units","Unadjusted","Units","300","units","0","v42169911","1.1.1.1.1","168305","","","","0"
"2002-07","Canada","2016A000011124","Total, new motor vehicles","Total, country of manufacture","Units","Unadjusted","Units","300","units","0","v42169911","1.1.1.1.1","141101","","","","0"
"2002-08","Canada","2016A000011124","Total, new motor vehicles","Total, country of manufacture","Units","Unadjusted","Units","300","units","0","v42169911","1.1.1.1.1","150865","","","","0"
"2002-09","Canada","2016A000011124","Total, new motor vehicles","Total, country of manufacture","Units","Unadjusted","Units","300","units","0","v42169911","1.1.1.1.1","144297","","","","0"
"2002-10","Canada","2016A000011124","Total, new motor vehicles","Total, country of manufacture","Units","Unadjusted","Units","300","units","0","v42169911","1.1.1.1.1","137951","","","","0"
"2002-11","Canada","2016A000011124","Total, new motor vehicles","Total, country of manufacture","Units","Unadjusted","Units","300","units","0","v42169911","1.1.1.1.1","127244","","","","0"
"2002-12","Canada","2016A000011124","Total, new motor vehicles","Total, country of manufacture","Units","Unadjusted","Units","300","units","0","v42169911","1.1.1.1.1","143312","","","","0"
"2003-01","Canada","2016A000011124","Total, new motor vehicles","Total, country of manufacture","Units","Unadjusted","Units","300","units","0","v42169911","1.1.1.1.1","95477","","","","0"
"2003-02","Canada","2016A000011124","Total, new motor vehicles","Total, country of manufacture","Units","Unadjusted","Units","300","units","0","v42169911","1.1.1.1.1","105391","","","","0"
"2003-03","Canada","2016A000011124","Total, new motor vehicles","Total, country of manufacture","Units","Unadjusted","Units","300","units","0","v42169911","1.1.1.1.1","148922","","","","0"
"2003-04","Canada","2016A000011124","Total, new motor vehicles","Total, country of manufacture","Units","Unadjusted","Units","300","units","0","v42169911","1.1.1.1.1","152967","","","","0"
"2003-05","Canada","2016A000011124","Total, new motor vehicles","Total, country of manufacture","Units","Unadjusted","Units","300","units","0","v42169911","1.1.1.1.1","185419","","","","0"
"2003-06","Canada","2016A000011124","Total, new motor vehicles","Total, country of manufacture","Units","Unadjusted","Units","300","units","0","v42169911","1.1.1.1.1","149816","","","","0"
"2003-07","Canada","2016A000011124","Total, new motor vehicles","Total, country of manufacture","Units","Unadjusted","Units","300","units","0","v42169911","1.1.1.1.1","148957","","","","0"
"2003-08","Canada","2016A000011124","Total, new motor vehicles","Total, country of manufacture","Units","Unadjusted","Units","300","units","0","v42169911","1.1.1.1.1","145108","","","","0"
"2003-09","Canada","2016A000011124","Total, new motor vehicles","Total, country of manufacture","Units","Unadjusted","Units","300","units","0","v42169911","1.1.1.1.1","141988","","","","0"
"2003-10","Canada","2016A000011124","Total, new motor vehicles","Total, country of manufacture","Units","Unadjusted","Units","300","units","0","v42169911","1.1.1.1.1","124427","","","","0"
"2003-11","Canada","2016A000011124","Total, new motor vehicles","Total, country of manufacture","Units","Unadjusted","Units","300","units","0","v42169911","1.1.1.1.1","115126","","","","0"
"2003-12","Canada","2016A000011124","Total, new motor vehicles","Total, country of manufacture","Units","Unadjusted","Units","300","units","0","v42169911","1.1.1.1.1","112870","","","","0"
"2004-01","Canada","2016A000011124","Total, new motor vehicles","Total, country of manufacture","Units","Unadjusted","Units","300","units","0","v42169911","1.1.1.1.1","85238","","","","0"
"2004-02","Canada","2016A000011124","Total, new motor vehicles","Total, country of manufacture","Units","Unadjusted","Units","300","units","0","v42169911","1.1.1.1.1","94777","","","","0"
"2004-03","Canada","2016A000011124","Total, new motor vehicles","Total, country of manufacture","Units","Unadjusted","Units","300","units","0","v42169911","1.1.1.1.1","149605","","","","0"
"2004-04","Canada","2016A000011124","Total, new motor vehicles","Total, country of manufacture","Units","Unadjusted","Units","300","units","0","v42169911","1.1.1.1.1","160195","","","","0"
"2004-05","Canada","2016A000011124","Total, new motor vehicles","Total, country of manufacture","Units","Unadjusted","Units","300","units","0","v42169911","1.1.1.1.1","166136","","","","0"
"2004-06","Canada","2016A000011124","Total, new motor vehicles","Total, country of manufacture","Units","Unadjusted","Units","300","units","0","v42169911","1.1.1.1.1","154134","","","","0"
"2004-07","Canada","2016A000011124","Total, new motor vehicles","Total, country of manufacture","Units","Unadjusted","Units","300","units","0","v42169911","1.1.1.1.1","136563","","","","0"
"2004-08","Canada","2016A000011124","Total, new motor vehicles","Total, country of manufacture","Units","Unadjusted","Units","300","units","0","v42169911","1.1.1.1.1","136187","","","","0"
"2004-09","Canada","2016A000011124","Total, new motor vehicles","Total, country of manufacture","Units","Unadjusted","Units","300","units","0","v42169911","1.1.1.1.1","130699","","","","0"
"2004-10","Canada","2016A000011124","Total, new motor vehicles","Total, country of manufacture","Units","Unadjusted","Units","300","units","0","v42169911","1.1.1.1.1","123552","","","","0"
"2004-11","Canada","2016A000011124","Total, new motor vehicles","Total, country of manufacture","Units","Unadjusted","Units","300","units","0","v42169911","1.1.1.1.1","120287","","","","0"
"2004-12","Canada","2016A000011124","Total, new motor vehicles","Total, country of manufacture","Units","Unadjusted","Units","300","units","0","v42169911","1.1.1.1.1","117822","","","","0"
"2005-01","Canada","2016A000011124","Total, new motor vehicles","Total, country of manufacture","Units","Unadjusted","Units","300","units","0","v42169911","1.1.1.1.1","82019","","","","0"
"2005-02","Canada","2016A000011124","Total, new motor vehicles","Total, country of manufacture","Units","Unadjusted","Units","300","units","0","v42169911","1.1.1.1.1","106064","","","","0"
"2005-03","Canada","2016A000011124","Total, new motor vehicles","Total, country of manufacture","Units","Unadjusted","Units","300","units","0","v42169911","1.1.1.1.1","148296","","","","0"
"2005-04","Canada","2016A000011124","Total, new motor vehicles","Total, country of manufacture","Units","Unadjusted","Units","300","units","0","v42169911","1.1.1.1.1","167441","","","","0"
"2005-05","Canada","2016A000011124","Total, new motor vehicles","Total, country of manufacture","Units","Unadjusted","Units","300","units","0","v42169911","1.1.1.1.1","161865","","","","0"
"2005-06","Canada","2016A000011124","Total, new motor vehicles","Total, country of manufacture","Units","Unadjusted","Units","300","units","0","v42169911","1.1.1.1.1","166024","","","","0"
"2005-07","Canada","2016A000011124","Total, new motor vehicles","Total, country of manufacture","Units","Unadjusted","Units","300","units","0","v42169911","1.1.1.1.1","158796","","","","0"
"2005-08","Canada","2016A000011124","Total, new motor vehicles","Total, country of manufacture","Units","Unadjusted","Units","300","units","0","v42169911","1.1.1.1.1","146862","","","","0"
"2005-09","Canada","2016A000011124","Total, new motor vehicles","Total, country of manufacture","Units","Unadjusted","Units","300","units","0","v42169911","1.1.1.1.1","128431","","","","0"
"2005-10","Canada","2016A000011124","Total, new motor vehicles","Total, country of manufacture","Units","Unadjusted","Units","300","units","0","v42169911","1.1.1.1.1","118993","","","","0"
"2005-11","Canada","2016A000011124","Total, new motor vehicles","Total, country of manufacture","Units","Unadjusted","Units","300","units","0","v42169911","1.1.1.1.1","124111","","","","0"
"2005-12","Canada","2016A000011124","Total, new motor vehicles","Total, country of manufacture","Units","Unadjusted","Units","300","units","0","v42169911","1.1.1.1.1","121408","","","","0"
"2006-01","Canada","2016A000011124","Total, new motor vehicles","Total, country of manufacture","Units","Unadjusted","Units","300","units","0","v42169911","1.1.1.1.1","89422","","","","0"
"2006-02","Canada","2016A000011124","Total, new motor vehicles","Total, country of manufacture","Units","Unadjusted","Units","300","units","0","v42169911","1.1.1.1.1","100740","","","","0"
"2006-03","Canada","2016A000011124","Total, new motor vehicles","Total, country of manufacture","Units","Unadjusted","Units","300","units","0","v42169911","1.1.1.1.1","155990","","","","0"
"2006-04","Canada","2016A000011124","Total, new motor vehicles","Total, country of manufacture","Units","Unadjusted","Units","300","units","0","v42169911","1.1.1.1.1","159436","","","","0"
"2006-05","Canada","2016A000011124","Total, new motor vehicles","Total, country of manufacture","Units","Unadjusted","Units","300","units","0","v42169911","1.1.1.1.1","173291","","","","0"
"2006-06","Canada","2016A000011124","Total, new motor vehicles","Total, country of manufacture","Units","Unadjusted","Units","300","units","0","v42169911","1.1.1.1.1","162029","","","","0"
"2006-07","Canada","2016A000011124","Total, new motor vehicles","Total, country of manufacture","Units","Unadjusted","Units","300","units","0","v42169911","1.1.1.1.1","145521","","","","0"
"2006-08","Canada","2016A000011124","Total, new motor vehicles","Total, country of manufacture","Units","Unadjusted","Units","300","units","0","v42169911","1.1.1.1.1","157868","","","","0"
"2006-09","Canada","2016A000011124","Total, new motor vehicles","Total, country of manufacture","Units","Unadjusted","Units","300","units","0","v42169911","1.1.1.1.1","140065","","","","0"
"2006-10","Canada","2016A000011124","Total, new motor vehicles","Total, country of manufacture","Units","Unadjusted","Units","300","units","0","v42169911","1.1.1.1.1","123076","","","","0"
"2006-11","Canada","2016A000011124","Total, new motor vehicles","Total, country of manufacture","Units","Unadjusted","Units","300","units","0","v42169911","1.1.1.1.1","127732","","","","0"
"2006-12","Canada","2016A000011124","Total, new motor vehicles","Total, country of manufacture","Units","Unadjusted","Units","300","units","0","v42169911","1.1.1.1.1","131157","","","","0"
"2007-01","Canada","2016A000011124","Total, new motor vehicles","Total, country of manufacture","Units","Unadjusted","Units","300","units","0","v42169911","1.1.1.1.1","94413","","","","0"
"2007-02","Canada","2016A000011124","Total, new motor vehicles","Total, country of manufacture","Units","Unadjusted","Units","300","units","0","v42169911","1.1.1.1.1","99877","","","","0"
"2007-03","Canada","2016A000011124","Total, new motor vehicles","Total, country of manufacture","Units","Unadjusted","Units","300","units","0","v42169911","1.1.1.1.1","154450","","","","0"
"2007-04","Canada","2016A000011124","Total, new motor vehicles","Total, country of manufacture","Units","Unadjusted","Units","300","units","0","v42169911","1.1.1.1.1","172428","","","","0"
"2007-05","Canada","2016A000011124","Total, new motor vehicles","Total, country of manufacture","Units","Unadjusted","Units","300","units","0","v42169911","1.1.1.1.1","189076","","","","0"
"2007-06","Canada","2016A000011124","Total, new motor vehicles","Total, country of manufacture","Units","Unadjusted","Units","300","units","0","v42169911","1.1.1.1.1","172487","","","","0"
"2007-07","Canada","2016A000011124","Total, new motor vehicles","Total, country of manufacture","Units","Unadjusted","Units","300","units","0","v42169911","1.1.1.1.1","145370","","","","0"
"2007-08","Canada","2016A000011124","Total, new motor vehicles","Total, country of manufacture","Units","Unadjusted","Units","300","units","0","v42169911","1.1.1.1.1","160883","","","","0"
"2007-09","Canada","2016A000011124","Total, new motor vehicles","Total, country of manufacture","Units","Unadjusted","Units","300","units","0","v42169911","1.1.1.1.1","134516","","","","0"
"2007-10","Canada","2016A000011124","Total, new motor vehicles","Total, country of manufacture","Units","Unadjusted","Units","300","units","0","v42169911","1.1.1.1.1","124072","","","","0"
"2007-11","Canada","2016A000011124","Total, new motor vehicles","Total, country of manufacture","Units","Unadjusted","Units","300","units","0","v42169911","1.1.1.1.1","120012","","","","0"
"2007-12","Canada","2016A000011124","Total, new motor vehicles","Total, country of manufacture","Units","Unadjusted","Units","300","units","0","v42169911","1.1.1.1.1","122954","","","","0"
"2008-01","Canada","2016A000011124","Total, new motor vehicles","Total, country of manufacture","Units","Unadjusted","Units","300","units","0","v42169911","1.1.1.1.1","105546","","","","0"
"2008-02","Canada","2016A000011124","Total, new motor vehicles","Total, country of manufacture","Units","Unadjusted","Units","300","units","0","v42169911","1.1.1.1.1","113877","","","","0"
"2008-03","Canada","2016A000011124","Total, new motor vehicles","Total, country of manufacture","Units","Unadjusted","Units","300","units","0","v42169911","1.1.1.1.1","153505","","","","0"
"2008-04","Canada","2016A000011124","Total, new motor vehicles","Total, country of manufacture","Units","Unadjusted","Units","300","units","0","v42169911","1.1.1.1.1","179289","","","","0"
"2008-05","Canada","2016A000011124","Total, new motor vehicles","Total, country of manufacture","Units","Unadjusted","Units","300","units","0","v42169911","1.1.1.1.1","188137","","","","0"
"2008-06","Canada","2016A000011124","Total, new motor vehicles","Total, country of manufacture","Units","Unadjusted","Units","300","units","0","v42169911","1.1.1.1.1","163064","","","","0"
"2008-07","Canada","2016A000011124","Total, new motor vehicles","Total, country of manufacture","Units","Unadjusted","Units","300","units","0","v42169911","1.1.1.1.1","152704","","","","0"
"2008-08","Canada","2016A000011124","Total, new motor vehicles","Total, country of manufacture","Units","Unadjusted","Units","300","units","0","v42169911","1.1.1.1.1","149607","","","","0"
"2008-09","Canada","2016A000011124","Total, new motor vehicles","Total, country of manufacture","Units","Unadjusted","Units","300","units","0","v42169911","1.1.1.1.1","137479","","","","0"
"2008-10","Canada","2016A000011124","Total, new motor vehicles","Total, country of manufacture","Units","Unadjusted","Units","300","units","0","v42169911","1.1.1.1.1","126064","","","","0"
"2008-11","Canada","2016A000011124","Total, new motor vehicles","Total, country of manufacture","Units","Unadjusted","Units","300","units","0","v42169911","1.1.1.1.1","107709","","","","0"
"2008-12","Canada","2016A000011124","Total, new motor vehicles","Total, country of manufacture","Units","Unadjusted","Units","300","units","0","v42169911","1.1.1.1.1","97164","","","","0"
"2009-01","Canada","2016A000011124","Total, new motor vehicles","Total, country of manufacture","Units","Unadjusted","Units","300","units","0","v42169911","1.1.1.1.1","78817","","","","0"
"2009-02","Canada","2016A000011124","Total, new motor vehicles","Total, country of manufacture","Units","Unadjusted","Units","300","units","0","v42169911","1.1.1.1.1","82039","","","","0"
"2009-03","Canada","2016A000011124","Total, new motor vehicles","Total, country of manufacture","Units","Unadjusted","Units","300","units","0","v42169911","1.1.1.1.1","129831","","","","0"
"2009-04","Canada","2016A000011124","Total, new motor vehicles","Total, country of manufacture","Units","Unadjusted","Units","300","units","0","v42169911","1.1.1.1.1","146026","","","","0"
"2009-05","Canada","2016A000011124","Total, new motor vehicles","Total, country of manufacture","Units","Unadjusted","Units","300","units","0","v42169911","1.1.1.1.1","156025","","","","0"
"2009-06","Canada","2016A000011124","Total, new motor vehicles","Total, country of manufacture","Units","Unadjusted","Units","300","units","0","v42169911","1.1.1.1.1","140442","","","","0"
"2009-07","Canada","2016A000011124","Total, new motor vehicles","Total, country of manufacture","Units","Unadjusted","Units","300","units","0","v42169911","1.1.1.1.1","141621","","","","0"
"2009-08","Canada","2016A000011124","Total, new motor vehicles","Total, country of manufacture","Units","Unadjusted","Units","300","units","0","v42169911","1.1.1.1.1","136971","","","","0"
"2009-09","Canada","2016A000011124","Total, new motor vehicles","Total, country of manufacture","Units","Unadjusted","Units","300","units","0","v42169911","1.1.1.1.1","131275","","","","0"
"2009-10","Canada","2016A000011124","Total, new motor vehicles","Total, country of manufacture","Units","Unadjusted","Units","300","units","0","v42169911","1.1.1.1.1","123607","","","","0"
"2009-11","Canada","2016A000011124","Total, new motor vehicles","Total, country of manufacture","Units","Unadjusted","Units","300","units","0","v42169911","1.1.1.1.1","104589","","","","0"
"2009-12","Canada","2016A000011124","Total, new motor vehicles","Total, country of manufacture","Units","Unadjusted","Units","300","units","0","v42169911","1.1.1.1.1","113613","","","","0"
"2010-01","Canada","2016A000011124","Total, new motor vehicles","Total, country of manufacture","Units","Unadjusted","Units","300","units","0","v42169911","1.1.1.1.1","83512","","","","0"
"2010-02","Canada","2016A000011124","Total, new motor vehicles","Total, country of manufacture","Units","Unadjusted","Units","300","units","0","v42169911","1.1.1.1.1","101788","","","","0"
"2010-03","Canada","2016A000011124","Total, new motor vehicles","Total, country of manufacture","Units","Unadjusted","Units","300","units","0","v42169911","1.1.1.1.1","148052","","","","0"
"2010-04","Canada","2016A000011124","Total, new motor vehicles","Total, country of manufacture","Units","Unadjusted","Units","300","units","0","v42169911","1.1.1.1.1","152187","","","","0"
"2010-05","Canada","2016A000011124","Total, new motor vehicles","Total, country of manufacture","Units","Unadjusted","Units","300","units","0","v42169911","1.1.1.1.1","157082","","","","0"
"2010-06","Canada","2016A000011124","Total, new motor vehicles","Total, country of manufacture","Units","Unadjusted","Units","300","units","0","v42169911","1.1.1.1.1","156891","","","","0"
"2010-07","Canada","2016A000011124","Total, new motor vehicles","Total, country of manufacture","Units","Unadjusted","Units","300","units","0","v42169911","1.1.1.1.1","150800","","","","0"
"2010-08","Canada","2016A000011124","Total, new motor vehicles","Total, country of manufacture","Units","Unadjusted","Units","300","units","0","v42169911","1.1.1.1.1","138210","","","","0"
"2010-09","Canada","2016A000011124","Total, new motor vehicles","Total, country of manufacture","Units","Unadjusted","Units","300","units","0","v42169911","1.1.1.1.1","137349","","","","0"
"2010-10","Canada","2016A000011124","Total, new motor vehicles","Total, country of manufacture","Units","Unadjusted","Units","300","units","0","v42169911","1.1.1.1.1","125731","","","","0"
"2010-11","Canada","2016A000011124","Total, new motor vehicles","Total, country of manufacture","Units","Unadjusted","Units","300","units","0","v42169911","1.1.1.1.1","118521","","","","0"
"2010-12","Canada","2016A000011124","Total, new motor vehicles","Total, country of manufacture","Units","Unadjusted","Units","300","units","0","v42169911","1.1.1.1.1","114376","","","","0"
"2011-01","Canada","2016A000011124","Total, new motor vehicles","Total, country of manufacture","Units","Unadjusted","Units","300","units","0","v42169911","1.1.1.1.1","86320","","","","0"
"2011-02","Canada","2016A000011124","Total, new motor vehicles","Total, country of manufacture","Units","Unadjusted","Units","300","units","0","v42169911","1.1.1.1.1","98147","","","","0"
"2011-03","Canada","2016A000011124","Total, new motor vehicles","Total, country of manufacture","Units","Unadjusted","Units","300","units","0","v42169911","1.1.1.1.1","156452","","","","0"
"2011-04","Canada","2016A000011124","Total, new motor vehicles","Total, country of manufacture","Units","Unadjusted","Units","300","units","0","v42169911","1.1.1.1.1","162613","","","","0"
"2011-05","Canada","2016A000011124","Total, new motor vehicles","Total, country of manufacture","Units","Unadjusted","Units","300","units","0","v42169911","1.1.1.1.1","152064","","","","0"
"2011-06","Canada","2016A000011124","Total, new motor vehicles","Total, country of manufacture","Units","Unadjusted","Units","300","units","0","v42169911","1.1.1.1.1","168119","","","","0"
"2011-07","Canada","2016A000011124","Total, new motor vehicles","Total, country of manufacture","Units","Unadjusted","Units","300","units","0","v42169911","1.1.1.1.1","144171","","","","0"
"2011-08","Canada","2016A000011124","Total, new motor vehicles","Total, country of manufacture","Units","Unadjusted","Units","300","units","0","v42169911","1.1.1.1.1","143653","","","","0"
"2011-09","Canada","2016A000011124","Total, new motor vehicles","Total, country of manufacture","Units","Unadjusted","Units","300","units","0","v42169911","1.1.1.1.1","137660","","","","0"
"2011-10","Canada","2016A000011124","Total, new motor vehicles","Total, country of manufacture","Units","Unadjusted","Units","300","units","0","v42169911","1.1.1.1.1","129049","","","","0"
"2011-11","Canada","2016A000011124","Total, new motor vehicles","Total, country of manufacture","Units","Unadjusted","Units","300","units","0","v42169911","1.1.1.1.1","124466","","","","0"
"2011-12","Canada","2016A000011124","Total, new motor vehicles","Total, country of manufacture","Units","Unadjusted","Units","300","units","0","v42169911","1.1.1.1.1","117863","","","","0"
"2012-01","Canada","2016A000011124","Total, new motor vehicles","Total, country of manufacture","Units","Unadjusted","Units","300","units","0","v42169911","1.1.1.1.1","100448","","","","0"
"2012-02","Canada","2016A000011124","Total, new motor vehicles","Total, country of manufacture","Units","Unadjusted","Units","300","units","0","v42169911","1.1.1.1.1","109817","","","","0"
"2012-03","Canada","2016A000011124","Total, new motor vehicles","Total, country of manufacture","Units","Unadjusted","Units","300","units","0","v42169911","1.1.1.1.1","161688","","","","0"
"2012-04","Canada","2016A000011124","Total, new motor vehicles","Total, country of manufacture","Units","Unadjusted","Units","300","units","0","v42169911","1.1.1.1.1","161372","","","","0"
"2012-05","Canada","2016A000011124","Total, new motor vehicles","Total, country of manufacture","Units","Unadjusted","Units","300","units","0","v42169911","1.1.1.1.1","180368","","","","0"
"2012-06","Canada","2016A000011124","Total, new motor vehicles","Total, country of manufacture","Units","Unadjusted","Units","300","units","0","v42169911","1.1.1.1.1","173190","","","","0"
"2012-07","Canada","2016A000011124","Total, new motor vehicles","Total, country of manufacture","Units","Unadjusted","Units","300","units","0","v42169911","1.1.1.1.1","151451","","","","0"
"2012-08","Canada","2016A000011124","Total, new motor vehicles","Total, country of manufacture","Units","Unadjusted","Units","300","units","0","v42169911","1.1.1.1.1","152577","","","","0"
"2012-09","Canada","2016A000011124","Total, new motor vehicles","Total, country of manufacture","Units","Unadjusted","Units","300","units","0","v42169911","1.1.1.1.1","146270","","","","0"
"2012-10","Canada","2016A000011124","Total, new motor vehicles","Total, country of manufacture","Units","Unadjusted","Units","300","units","0","v42169911","1.1.1.1.1","138892","","","","0"
"2012-11","Canada","2016A000011124","Total, new motor vehicles","Total, country of manufacture","Units","Unadjusted","Units","300","units","0","v42169911","1.1.1.1.1","128849","","","","0"
"2012-12","Canada","2016A000011124","Total, new motor vehicles","Total, country of manufacture","Units","Unadjusted","Units","300","units","0","v42169911","1.1.1.1.1","111881","","","","0"
"2013-01","Canada","2016A000011124","Total, new motor vehicles","Total, country of manufacture","Units","Unadjusted","Units","300","units","0","v42169911","1.1.1.1.1","97872","","","","0"
"2013-02","Canada","2016A000011124","Total, new motor vehicles","Total, country of manufacture","Units","Unadjusted","Units","300","units","0","v42169911","1.1.1.1.1","105811","","","","0"
"2013-03","Canada","2016A000011124","Total, new motor vehicles","Total, country of manufacture","Units","Unadjusted","Units","300","units","0","v42169911","1.1.1.1.1","159953","","","","0"
"2013-04","Canada","2016A000011124","Total, new motor vehicles","Total, country of manufacture","Units","Unadjusted","Units","300","units","0","v42169911","1.1.1.1.1","175181","","","","0"
"2013-05","Canada","2016A000011124","Total, new motor vehicles","Total, country of manufacture","Units","Unadjusted","Units","300","units","0","v42169911","1.1.1.1.1","189030","","","","0"
"2013-06","Canada","2016A000011124","Total, new motor vehicles","Total, country of manufacture","Units","Unadjusted","Units","300","units","0","v42169911","1.1.1.1.1","174439","","","","0"
"2013-07","Canada","2016A000011124","Total, new motor vehicles","Total, country of manufacture","Units","Unadjusted","Units","300","units","0","v42169911","1.1.1.1.1","161835","","","","0"
"2013-08","Canada","2016A000011124","Total, new motor vehicles","Total, country of manufacture","Units","Unadjusted","Units","300","units","0","v42169911","1.1.1.1.1","161371","","","","0"
"2013-09","Canada","2016A000011124","Total, new motor vehicles","Total, country of manufacture","Units","Unadjusted","Units","300","units","0","v42169911","1.1.1.1.1","151644","","","","0"
"2013-10","Canada","2016A000011124","Total, new motor vehicles","Total, country of manufacture","Units","Unadjusted","Units","300","units","0","v42169911","1.1.1.1.1","148181","","","","0"
"2013-11","Canada","2016A000011124","Total, new motor vehicles","Total, country of manufacture","Units","Unadjusted","Units","300","units","0","v42169911","1.1.1.1.1","135776","","","","0"
"2013-12","Canada","2016A000011124","Total, new motor vehicles","Total, country of manufacture","Units","Unadjusted","Units","300","units","0","v42169911","1.1.1.1.1","115368","","","","0"
"2014-01","Canada","2016A000011124","Total, new motor vehicles","Total, country of manufacture","Units","Unadjusted","Units","300","units","0","v42169911","1.1.1.1.1","97624","","","","0"
"2014-02","Canada","2016A000011124","Total, new motor vehicles","Total, country of manufacture","Units","Unadjusted","Units","300","units","0","v42169911","1.1.1.1.1","107501","","","","0"
"2014-03","Canada","2016A000011124","Total, new motor vehicles","Total, country of manufacture","Units","Unadjusted","Units","300","units","0","v42169911","1.1.1.1.1","160655","","","","0"
"2014-04","Canada","2016A000011124","Total, new motor vehicles","Total, country of manufacture","Units","Unadjusted","Units","300","units","0","v42169911","1.1.1.1.1","182239","","","","0"
"2014-05","Canada","2016A000011124","Total, new motor vehicles","Total, country of manufacture","Units","Unadjusted","Units","300","units","0","v42169911","1.1.1.1.1","199568","","","","0"
"2014-06","Canada","2016A000011124","Total, new motor vehicles","Total, country of manufacture","Units","Unadjusted","Units","300","units","0","v42169911","1.1.1.1.1","179556","","","","0"
"2014-07","Canada","2016A000011124","Total, new motor vehicles","Total, country of manufacture","Units","Unadjusted","Units","300","units","0","v42169911","1.1.1.1.1","180682","","","","0"
"2014-08","Canada","2016A000011124","Total, new motor vehicles","Total, country of manufacture","Units","Unadjusted","Units","300","units","0","v42169911","1.1.1.1.1","174757","","","","0"
"2014-09","Canada","2016A000011124","Total, new motor vehicles","Total, country of manufacture","Units","Unadjusted","Units","300","units","0","v42169911","1.1.1.1.1","172069","","","","0"
"2014-10","Canada","2016A000011124","Total, new motor vehicles","Total, country of manufacture","Units","Unadjusted","Units","300","units","0","v42169911","1.1.1.1.1","159144","","","","0"
"2014-11","Canada","2016A000011124","Total, new motor vehicles","Total, country of manufacture","Units","Unadjusted","Units","300","units","0","v42169911","1.1.1.1.1","141763","","","","0"
"2014-12","Canada","2016A000011124","Total, new motor vehicles","Total, country of manufacture","Units","Unadjusted","Units","300","units","0","v42169911","1.1.1.1.1","134829","","","","0"
"2015-01","Canada","2016A000011124","Total, new motor vehicles","Total, country of manufacture","Units","Unadjusted","Units","300","units","0","v42169911","1.1.1.1.1","101597","","","","0"
"2015-02","Canada","2016A000011124","Total, new motor vehicles","Total, country of manufacture","Units","Unadjusted","Units","300","units","0","v42169911","1.1.1.1.1","111933","","","","0"
"2015-03","Canada","2016A000011124","Total, new motor vehicles","Total, country of manufacture","Units","Unadjusted","Units","300","units","0","v42169911","1.1.1.1.1","164402","","","","0"
"2015-04","Canada","2016A000011124","Total, new motor vehicles","Total, country of manufacture","Units","Unadjusted","Units","300","units","0","v42169911","1.1.1.1.1","192647","","","","0"
"2015-05","Canada","2016A000011124","Total, new motor vehicles","Total, country of manufacture","Units","Unadjusted","Units","300","units","0","v42169911","1.1.1.1.1","201603","","","","0"
"2015-06","Canada","2016A000011124","Total, new motor vehicles","Total, country of manufacture","Units","Unadjusted","Units","300","units","0","v42169911","1.1.1.1.1","181780","","","","0"
"2015-07","Canada","2016A000011124","Total, new motor vehicles","Total, country of manufacture","Units","Unadjusted","Units","300","units","0","v42169911","1.1.1.1.1","181324","","","","0"
"2015-08","Canada","2016A000011124","Total, new motor vehicles","Total, country of manufacture","Units","Unadjusted","Units","300","units","0","v42169911","1.1.1.1.1","178591","","","","0"
"2015-09","Canada","2016A000011124","Total, new motor vehicles","Total, country of manufacture","Units","Unadjusted","Units","300","units","0","v42169911","1.1.1.1.1","178738","","","","0"
"2015-10","Canada","2016A000011124","Total, new motor vehicles","Total, country of manufacture","Units","Unadjusted","Units","300","units","0","v42169911","1.1.1.1.1","166521","","","","0"
"2015-11","Canada","2016A000011124","Total, new motor vehicles","Total, country of manufacture","Units","Unadjusted","Units","300","units","0","v42169911","1.1.1.1.1","148163","","","","0"
"2015-12","Canada","2016A000011124","Total, new motor vehicles","Total, country of manufacture","Units","Unadjusted","Units","300","units","0","v42169911","1.1.1.1.1","132218","","","","0"
"2016-01","Canada","2016A000011124","Total, new motor vehicles","Total, country of manufacture","Units","Unadjusted","Units","300","units","0","v42169911","1.1.1.1.1","110686","","","","0"
"2016-02","Canada","2016A000011124","Total, new motor vehicles","Total, country of manufacture","Units","Unadjusted","Units","300","units","0","v42169911","1.1.1.1.1","121933","","","","0"
"2016-03","Canada","2016A000011124","Total, new motor vehicles","Total, country of manufacture","Units","Unadjusted","Units","300","units","0","v42169911","1.1.1.1.1","178227","","","","0"
"2016-04","Canada","2016A000011124","Total, new motor vehicles","Total, country of manufacture","Units","Unadjusted","Units","300","units","0","v42169911","1.1.1.1.1","203557","","","","0"
"2016-05","Canada","2016A000011124","Total, new motor vehicles","Total, country of manufacture","Units","Unadjusted","Units","300","units","0","v42169911","1.1.1.1.1","198425","","","","0"
"2016-06","Canada","2016A000011124","Total, new motor vehicles","Total, country of manufacture","Units","Unadjusted","Units","300","units","0","v42169911","1.1.1.1.1","193818","","","","0"
"2016-07","Canada","2016A000011124","Total, new motor vehicles","Total, country of manufacture","Units","Unadjusted","Units","300","units","0","v42169911","1.1.1.1.1","175846","","","","0"
"2016-08","Canada","2016A000011124","Total, new motor vehicles","Total, country of manufacture","Units","Unadjusted","Units","300","units","0","v42169911","1.1.1.1.1","174976","","","","0"
"2016-09","Canada","2016A000011124","Total, new motor vehicles","Total, country of manufacture","Units","Unadjusted","Units","300","units","0","v42169911","1.1.1.1.1","177191","","","","0"
"2016-10","Canada","2016A000011124","Total, new motor vehicles","Total, country of manufacture","Units","Unadjusted","Units","300","units","0","v42169911","1.1.1.1.1","157414","","","","0"
"2016-11","Canada","2016A000011124","Total, new motor vehicles","Total, country of manufacture","Units","Unadjusted","Units","300","units","0","v42169911","1.1.1.1.1","163320","","","","0"
"2016-12","Canada","2016A000011124","Total, new motor vehicles","Total, country of manufacture","Units","Unadjusted","Units","300","units","0","v42169911","1.1.1.1.1","128352","","","","0"
"2017-01","Canada","2016A000011124","Total, new motor vehicles","Total, country of manufacture","Units","Unadjusted","Units","300","units","0","v42169911","1.1.1.1.1","112996","","","","0"
"2017-02","Canada","2016A000011124","Total, new motor vehicles","Total, country of manufacture","Units","Unadjusted","Units","300","units","0","v42169911","1.1.1.1.1","125284","","","","0"
"2017-03","Canada","2016A000011124","Total, new motor vehicles","Total, country of manufacture","Units","Unadjusted","Units","300","units","0","v42169911","1.1.1.1.1","190744","","","","0"
"2017-04","Canada","2016A000011124","Total, new motor vehicles","Total, country of manufacture","Units","Unadjusted","Units","300","units","0","v42169911","1.1.1.1.1","200291","","","","0"
"2017-05","Canada","2016A000011124","Total, new motor vehicles","Total, country of manufacture","Units","Unadjusted","Units","300","units","0","v42169911","1.1.1.1.1","220436","","","","0"
"2017-06","Canada","2016A000011124","Total, new motor vehicles","Total, country of manufacture","Units","Unadjusted","Units","300","units","0","v42169911","1.1.1.1.1","207008","","","","0"
"2017-07","Canada","2016A000011124","Total, new motor vehicles","Total, country of manufacture","Units","Unadjusted","Units","300","units","0","v42169911","1.1.1.1.1","184809","","","","0"
"2017-08","Canada","2016A000011124","Total, new motor vehicles","Total, country of manufacture","Units","Unadjusted","Units","300","units","0","v42169911","1.1.1.1.1","187208","","","","0"
"2017-09","Canada","2016A000011124","Total, new motor vehicles","Total, country of manufacture","Units","Unadjusted","Units","300","units","0","v42169911","1.1.1.1.1","190640","","","","0"
"2017-10","Canada","2016A000011124","Total, new motor vehicles","Total, country of manufacture","Units","Unadjusted","Units","300","units","0","v42169911","1.1.1.1.1","167892","","","","0"
"2017-11","Canada","2016A000011124","Total, new motor vehicles","Total, country of manufacture","Units","Unadjusted","Units","300","units","0","v42169911","1.1.1.1.1","161903","","","","0"
"2017-12","Canada","2016A000011124","Total, new motor vehicles","Total, country of manufacture","Units","Unadjusted","Units","300","units","0","v42169911","1.1.1.1.1","127734","","","","0"
"2018-01","Canada","2016A000011124","Total, new motor vehicles","Total, country of manufacture","Units","Unadjusted","Units","300","units","0","v42169911","1.1.1.1.1","120246","","","","0"
"2018-02","Canada","2016A000011124","Total, new motor vehicles","Total, country of manufacture","Units","Unadjusted","Units","300","units","0","v42169911","1.1.1.1.1","128399","","","","0"
"2018-03","Canada","2016A000011124","Total, new motor vehicles","Total, country of manufacture","Units","Unadjusted","Units","300","units","0","v42169911","1.1.1.1.1","190863","","","","0"
"2018-04","Canada","2016A000011124","Total, new motor vehicles","Total, country of manufacture","Units","Unadjusted","Units","300","units","0","v42169911","1.1.1.1.1","195838","","","","0"
"2018-05","Canada","2016A000011124","Total, new motor vehicles","Total, country of manufacture","Units","Unadjusted","Units","300","units","0","v42169911","1.1.1.1.1","220858","","","","0"
"2018-06","Canada","2016A000011124","Total, new motor vehicles","Total, country of manufacture","Units","Unadjusted","Units","300","units","0","v42169911","1.1.1.1.1","206988","","","","0"
"2018-07","Canada","2016A000011124","Total, new motor vehicles","Total, country of manufacture","Units","Unadjusted","Units","300","units","0","v42169911","1.1.1.1.1","179754","","","","0"
"2018-08","Canada","2016A000011124","Total, new motor vehicles","Total, country of manufacture","Units","Unadjusted","Units","300","units","0","v42169911","1.1.1.1.1","185349","","","","0"
"2018-09","Canada","2016A000011124","Total, new motor vehicles","Total, country of manufacture","Units","Unadjusted","Units","300","units","0","v42169911","1.1.1.1.1","181516","","","","0"
"2018-10","Canada","2016A000011124","Total, new motor vehicles","Total, country of manufacture","Units","Unadjusted","Units","300","units","0","v42169911","1.1.1.1.1","166566","","","","0"
"2018-11","Canada","2016A000011124","Total, new motor vehicles","Total, country of manufacture","Units","Unadjusted","Units","300","units","0","v42169911","1.1.1.1.1","150143","","","","0"
"2018-12","Canada","2016A000011124","Total, new motor vehicles","Total, country of manufacture","Units","Unadjusted","Units","300","units","0","v42169911","1.1.1.1.1","119201","","","","0"
"2019-01","Canada","2016A000011124","Total, new motor vehicles","Total, country of manufacture","Units","Unadjusted","Units","300","units","0","v42169911","1.1.1.1.1","112178","","","","0"
"2019-02","Canada","2016A000011124","Total, new motor vehicles","Total, country of manufacture","Units","Unadjusted","Units","300","units","0","v42169911","1.1.1.1.1","124493","","","","0"
"2019-03","Canada","2016A000011124","Total, new motor vehicles","Total, country of manufacture","Units","Unadjusted","Units","300","units","0","v42169911","1.1.1.1.1","187907","","","","0"
"2019-04","Canada","2016A000011124","Total, new motor vehicles","Total, country of manufacture","Units","Unadjusted","Units","300","units","0","v42169911","1.1.1.1.1","186487","","","","0"
"2019-05","Canada","2016A000011124","Total, new motor vehicles","Total, country of manufacture","Units","Unadjusted","Units","300","units","0","v42169911","1.1.1.1.1","208375","","","","0"
"2019-06","Canada","2016A000011124","Total, new motor vehicles","Total, country of manufacture","Units","Unadjusted","Units","300","units","0","v42169911","1.1.1.1.1","193885","","","","0"
"2019-07","Canada","2016A000011124","Total, new motor vehicles","Total, country of manufacture","Units","Unadjusted","Units","300","units","0","v42169911","1.1.1.1.1","178450","","","","0"
"2019-08","Canada","2016A000011124","Total, new motor vehicles","Total, country of manufacture","Units","Unadjusted","Units","300","units","0","v42169911","1.1.1.1.1","187961","","","","0"
"2019-09","Canada","2016A000011124","Total, new motor vehicles","Total, country of manufacture","Units","Unadjusted","Units","300","units","0","v42169911","1.1.1.1.1","173009","","","","0"
"2019-10","Canada","2016A000011124","Total, new motor vehicles","Total, country of manufacture","Units","Unadjusted","Units","300","units","0","v42169911","1.1.1.1.1","163718","","","","0"
"2019-11","Canada","2016A000011124","Total, new motor vehicles","Total, country of manufacture","Units","Unadjusted","Units","300","units","0","v42169911","1.1.1.1.1","147221","","","","0"
"2019-12","Canada","2016A000011124","Total, new motor vehicles","Total, country of manufacture","Units","Unadjusted","Units","300","units","0","v42169911","1.1.1.1.1","116466","","","","0"
"2020-01","Canada","2016A000011124","Total, new motor vehicles","Total, country of manufacture","Units","Unadjusted","Units","300","units","0","v42169911","1.1.1.1.1","113350","","","","0"
"2020-02","Canada","2016A000011124","Total, new motor vehicles","Total, country of manufacture","Units","Unadjusted","Units","300","units","0","v42169911","1.1.1.1.1","127529","","","","0"
"2020-03","Canada","2016A000011124","Total, new motor vehicles","Total, country of manufacture","Units","Unadjusted","Units","300","units","0","v42169911","1.1.1.1.1","98019","","","","0"
"2020-04","Canada","2016A000011124","Total, new motor vehicles","Total, country of manufacture","Units","Unadjusted","Units","300","units","0","v42169911","1.1.1.1.1","47508","","","","0"
"2020-05","Canada","2016A000011124","Total, new motor vehicles","Total, country of manufacture","Units","Unadjusted","Units","300","units","0","v42169911","1.1.1.1.1","116102","","","","0"
"2020-06","Canada","2016A000011124","Total, new motor vehicles","Total, country of manufacture","Units","Unadjusted","Units","300","units","0","v42169911","1.1.1.1.1","163864","","","","0"
"2020-07","Canada","2016A000011124","Total, new motor vehicles","Total, country of manufacture","Units","Unadjusted","Units","300","units","0","v42169911","1.1.1.1.1","167600","","","","0"
"2020-08","Canada","2016A000011124","Total, new motor vehicles","Total, country of manufacture","Units","Unadjusted","Units","300","units","0","v42169911","1.1.1.1.1","172647","","","","0"
"2020-09","Canada","2016A000011124","Total, new motor vehicles","Total, country of manufacture","Units","Unadjusted","Units","300","units","0","v42169911","1.1.1.1.1","178057","","","","0"
"2020-10","Canada","2016A000011124","Total, new motor vehicles","Total, country of manufacture","Units","Unadjusted","Units","300","units","0","v42169911","1.1.1.1.1","160024","","","","0"
"2020-11","Canada","2016A000011124","Total, new motor vehicles","Total, country of manufacture","Units","Unadjusted","Units","300","units","0","v42169911","1.1.1.1.1","133733","","","","0"
"2020-12","Canada","2016A000011124","Total, new motor vehicles","Total, country of manufacture","Units","Unadjusted","Units","300","units","0","v42169911","1.1.1.1.1","113686","","","","0"
"2021-01","Canada","2016A000011124","Total, new motor vehicles","Total, country of manufacture","Units","Unadjusted","Units","300","units","0","v42169911","1.1.1.1.1","91508","","","","0"
"2021-02","Canada","2016A000011124","Total, new motor vehicles","Total, country of manufacture","Units","Unadjusted","Units","300","units","0","v42169911","1.1.1.1.1","115223","","","","0"
"2021-03","Canada","2016A000011124","Total, new motor vehicles","Total, country of manufacture","Units","Unadjusted","Units","300","units","0","v42169911","1.1.1.1.1","176036","","","","0"
"2021-04","Canada","2016A000011124","Total, new motor vehicles","Total, country of manufacture","Units","Unadjusted","Units","300","units","0","v42169911","1.1.1.1.1","167601","","","","0"
"2021-05","Canada","2016A000011124","Total, new motor vehicles","Total, country of manufacture","Units","Unadjusted","Units","300","units","0","v42169911","1.1.1.1.1","159559","","","","0"
"2021-06","Canada","2016A000011124","Total, new motor vehicles","Total, country of manufacture","Units","Unadjusted","Units","300","units","0","v42169911","1.1.1.1.1","169492","","","","0"
"2021-07","Canada","2016A000011124","Total, new motor vehicles","Total, country of manufacture","Units","Unadjusted","Units","300","units","0","v42169911","1.1.1.1.1","157566","","","","0"
"2021-08","Canada","2016A000011124","Total, new motor vehicles","Total, country of manufacture","Units","Unadjusted","Units","300","units","0","v42169911","1.1.1.1.1","151943","","","","0"
"2021-09","Canada","2016A000011124","Total, new motor vehicles","Total, country of manufacture","Units","Unadjusted","Units","300","units","0","v42169911","1.1.1.1.1","145283","","","","0"
"2021-10","Canada","2016A000011124","Total, new motor vehicles","Total, country of manufacture","Units","Unadjusted","Units","300","units","0","v42169911","1.1.1.1.1","136399","","","","0"
"2021-11","Canada","2016A000011124","Total, new motor vehicles","Total, country of manufacture","Units","Unadjusted","Units","300","units","0","v42169911","1.1.1.1.1","116624","","","","0"
"2021-12","Canada","2016A000011124","Total, new motor vehicles","Total, country of manufacture","Units","Unadjusted","Units","300","units","0","v42169911","1.1.1.1.1","105080","","","","0"
"2022-01","Canada","2016A000011124","Total, new motor vehicles","Total, country of manufacture","Units","Unadjusted","Units","300","units","0","v42169911","1.1.1.1.1","96511","","","","0"
"2022-02","Canada","2016A000011124","Total, new motor vehicles","Total, country of manufacture","Units","Unadjusted","Units","300","units","0","v42169911","1.1.1.1.1","105859","","","","0"
"2022-03","Canada","2016A000011124","Total, new motor vehicles","Total, country of manufacture","Units","Unadjusted","Units","300","units","0","v42169911","1.1.1.1.1","146975","","","","0"
"2022-04","Canada","2016A000011124","Total, new motor vehicles","Total, country of manufacture","Units","Unadjusted","Units","300","units","0","v42169911","1.1.1.1.1","142910","","","","0"
"2022-05","Canada","2016A000011124","Total, new motor vehicles","Total, country of manufacture","Units","Unadjusted","Units","300","units","0","v42169911","1.1.1.1.1","135131","","","","0"
"2022-06","Canada","2016A000011124","Total, new motor vehicles","Total, country of manufacture","Units","Unadjusted","Units","300","units","0","v42169911","1.1.1.1.1","152604","","","","0"
"2022-07","Canada","2016A000011124","Total, new motor vehicles","Total, country of manufacture","Units","Unadjusted","Units","300","units","0","v42169911","1.1.1.1.1","134643","","","","0"
"2022-08","Canada","2016A000011124","Total, new motor vehicles","Total, country of manufacture","Units","Unadjusted","Units","300","units","0","v42169911","1.1.1.1.1","136815","","","","0"
"2022-09","Canada","2016A000011124","Total, new motor vehicles","Total, country of manufacture","Units","Unadjusted","Units","300","units","0","v42169911","1.1.1.1.1","140094","","","","0"
"2022-10","Canada","2016A000011124","Total, new motor vehicles","Total, country of manufacture","Units","Unadjusted","Units","300","units","0","v42169911","1.1.1.1.1","131085","","","","0"
"2022-11","Canada","2016A000011124","Total, new motor vehicles","Total, country of manufacture","Units","Unadjusted","Units","300","units","0","v42169911","1.1.1.1.1","125339","","","","0"
"2022-12","Canada","2016A000011124","Total, new motor vehicles","Total, country of manufacture","Units","Unadjusted","Units","300","units","0","v42169911","1.1.1.1.1","110271","","","","0"
"2023-01","Canada","2016A000011124","Total, new motor vehicles","Total, country of manufacture","Units","Unadjusted","Units","300","units","0","v42169911","1.1.1.1.1","103355","","","","0"
"2023-02","Canada","2016A000011124","Total, new motor vehicles","Total, country of manufacture","Units","Unadjusted","Units","300","units","0","v42169911","1.1.1.1.1","109799","","","","0"
"2023-03","Canada","2016A000011124","Total, new motor vehicles","Total, country of manufacture","Units","Unadjusted","Units","300","units","0","v42169911","1.1.1.1.1","152943","","","","0"
"2023-04","Canada","2016A000011124","Total, new motor vehicles","Total, country of manufacture","Units","Unadjusted","Units","300","units","0","v42169911","1.1.1.1.1","151335","","","","0"
"2023-05","Canada","2016A000011124","Total, new motor vehicles","Total, country of manufacture","Units","Unadjusted","Units","300","units","0","v42169911","1.1.1.1.1","171889","","","","0"
"2023-06","Canada","2016A000011124","Total, new motor vehicles","Total, country of manufacture","Units","Unadjusted","Units","300","units","0","v42169911","1.1.1.1.1","169527","","","","0"
"2023-07","Canada","2016A000011124","Total, new motor vehicles","Total, country of manufacture","Units","Unadjusted","Units","300","units","0","v42169911","1.1.1.1.1","147618","","","","0"
"2023-08","Canada","2016A000011124","Total, new motor vehicles","Total, country of manufacture","Units","Unadjusted","Units","300","units","0","v42169911","1.1.1.1.1","159668","","","","0"
"2023-09","Canada","2016A000011124","Total, new motor vehicles","Total, country of manufacture","Units","Unadjusted","Units","300","units","0","v42169911","1.1.1.1.1","164168","","","","0"
"2023-10","Canada","2016A000011124","Total, new motor vehicles","Total, country of manufacture","Units","Unadjusted","Units","300","units","0","v42169911","1.1.1.1.1","151978","","","","0"
"2023-11","Canada","2016A000011124","Total, new motor vehicles","Total, country of manufacture","Units","Unadjusted","Units","300","units","0","v42169911","1.1.1.1.1","144634","","","","0"
"2023-12","Canada","2016A000011124","Total, new motor vehicles","Total, country of manufacture","Units","Unadjusted","Units","300","units","0","v42169911","1.1.1.1.1","128827","","","","0"
"1946-01","Canada","2016A000011124","Total, new motor vehicles","Total, country of manufacture","Dollars","Unadjusted","Dollars","81","thousands","3","v42169913","1.1.1.2.1","4507","","","","0"
"1946-02","Canada","2016A000011124","Total, new motor vehicles","Total, country of manufacture","Dollars","Unadjusted","Dollars","81","thousands","3","v42169913","1.1.1.2.1","6096","","","","0"
"1946-03","Canada","2016A000011124","Total, new motor vehicles","Total, country of manufacture","Dollars","Unadjusted","Dollars","81","thousands","3","v42169913","1.1.1.2.1","10977","","","","0"
"1946-04","Canada","2016A000011124","Total, new motor vehicles","Total, country of manufacture","Dollars","Unadjusted","Dollars","81","thousands","3","v42169913","1.1.1.2.1","14026","","","","0"
"1946-05","Canada","2016A000011124","Total, new motor vehicles","Total, country of manufacture","Dollars","Unadjusted","Dollars","81","thousands","3","v42169913","1.1.1.2.1","18340","","","","0"
"1946-06","Canada","2016A000011124","Total, new motor vehicles","Total, country of manufacture","Dollars","Unadjusted","Dollars","81","thousands","3","v42169913","1.1.1.2.1","20896","","","","0"
"1946-07","Canada","2016A000011124","Total, new motor vehicles","Total, country of manufacture","Dollars","Unadjusted","Dollars","81","thousands","3","v42169913","1.1.1.2.1","21421","","","","0"
"1946-08","Canada","2016A000011124","Total, new motor vehicles","Total, country of manufacture","Dollars","Unadjusted","Dollars","81","thousands","3","v42169913","1.1.1.2.1","15978","","","","0"
"1946-09","Canada","2016A000011124","Total, new motor vehicles","Total, country of manufacture","Dollars","Unadjusted","Dollars","81","thousands","3","v42169913","1.1.1.2.1","17416","","","","0"
"1946-10","Canada","2016A000011124","Total, new motor vehicles","Total, country of manufacture","Dollars","Unadjusted","Dollars","81","thousands","3","v42169913","1.1.1.2.1","19623","","","","0"
"1946-11","Canada","2016A000011124","Total, new motor vehicles","Total, country of manufacture","Dollars","Unadjusted","Dollars","81","thousands","3","v42169913","1.1.1.2.1","22482","","","","0"
"1946-12","Canada","2016A000011124","Total, new motor vehicles","Total, country of manufacture","Dollars","Unadjusted","Dollars","81","thousands","3","v42169913","1.1.1.2.1","21567","","","","0"
"1947-01","Canada","2016A000011124","Total, new motor vehicles","Total, country of manufacture","Dollars","Unadjusted","Dollars","81","thousands","3","v42169913","1.1.1.2.1","24160","","","","0"
"1947-02","Canada","2016A000011124","Total, new motor vehicles","Total, country of manufacture","Dollars","Unadjusted","Dollars","81","thousands","3","v42169913","1.1.1.2.1","27260","","","","0"
"1947-03","Canada","2016A000011124","Total, new motor vehicles","Total, country of manufacture","Dollars","Unadjusted","Dollars","81","thousands","3","v42169913","1.1.1.2.1","31793","","","","0"
"1947-04","Canada","2016A000011124","Total, new motor vehicles","Total, country of manufacture","Dollars","Unadjusted","Dollars","81","thousands","3","v42169913","1.1.1.2.1","33468","","","","0"
"1947-05","Canada","2016A000011124","Total, new motor vehicles","Total, country of manufacture","Dollars","Unadjusted","Dollars","81","thousands","3","v42169913","1.1.1.2.1","33468","","","","0"
"1947-06","Canada","2016A000011124","Total, new motor vehicles","Total, country of manufacture","Dollars","Unadjusted","Dollars","81","thousands","3","v42169913","1.1.1.2.1","36070","","","","0"
"1947-07","Canada","2016A000011124","Total, new motor vehicles","Total, country of manufacture","Dollars","Unadjusted","Dollars","81","thousands","3","v42169913","1.1.1.2.1","36341","","","","0"
"1947-08","Canada","2016A000011124","Total, new motor vehicles","Total, country of manufacture","Dollars","Unadjusted","Dollars","81","thousands","3","v42169913","1.1.1.2.1","31306","","","","0"
"1947-09","Canada","2016A000011124","Total, new motor vehicles","Total, country of manufacture","Dollars","Unadjusted","Dollars","81","thousands","3","v42169913","1.1.1.2.1","43740","","","","0"
"1947-10","Canada","2016A000011124","Total, new motor vehicles","Total, country of manufacture","Dollars","Unadjusted","Dollars","81","thousands","3","v42169913","1.1.1.2.1","44867","","","","0"
"1947-11","Canada","2016A000011124","Total, new motor vehicles","Total, country of manufacture","Dollars","Unadjusted","Dollars","81","thousands","3","v42169913","1.1.1.2.1","40531","","","","0"
"1947-12","Canada","2016A000011124","Total, new motor vehicles","Total, country of manufacture","Dollars","Unadjusted","Dollars","81","thousands","3","v42169913","1.1.1.2.1","33235","","","","0"
"1948-01","Canada","2016A000011124","Total, new motor vehicles","Total, country of manufacture","Dollars","Unadjusted","Dollars","81","thousands","3","v42169913","1.1.1.2.1","26938","","","","0"
"1948-02","Canada","2016A000011124","Total, new motor vehicles","Total, country of manufacture","Dollars","Unadjusted","Dollars","81","thousands","3","v42169913","1.1.1.2.1","25555","","","","0"
"1948-03","Canada","2016A000011124","Total, new motor vehicles","Total, country of manufacture","Dollars","Unadjusted","Dollars","81","thousands","3","v42169913","1.1.1.2.1","40688","","","","0"
"1948-04","Canada","2016A000011124","Total, new motor vehicles","Total, country of manufacture","Dollars","Unadjusted","Dollars","81","thousands","3","v42169913","1.1.1.2.1","37690","","","","0"
"1948-05","Canada","2016A000011124","Total, new motor vehicles","Total, country of manufacture","Dollars","Unadjusted","Dollars","81","thousands","3","v42169913","1.1.1.2.1","37710","","","","0"
"1948-06","Canada","2016A000011124","Total, new motor vehicles","Total, country of manufacture","Dollars","Unadjusted","Dollars","81","thousands","3","v42169913","1.1.1.2.1","43431","","","","0"
"1948-07","Canada","2016A000011124","Total, new motor vehicles","Total, country of manufacture","Dollars","Unadjusted","Dollars","81","thousands","3","v42169913","1.1.1.2.1","33001","","","","0"
"1948-08","Canada","2016A000011124","Total, new motor vehicles","Total, country of manufacture","Dollars","Unadjusted","Dollars","81","thousands","3","v42169913","1.1.1.2.1","27616","","","","0"
"1948-09","Canada","2016A000011124","Total, new motor vehicles","Total, country of manufacture","Dollars","Unadjusted","Dollars","81","thousands","3","v42169913","1.1.1.2.1","37720","","","","0"
"1948-10","Canada","2016A000011124","Total, new motor vehicles","Total, country of manufacture","Dollars","Unadjusted","Dollars","81","thousands","3","v42169913","1.1.1.2.1","41741","","","","0"
"1948-11","Canada","2016A000011124","Total, new motor vehicles","Total, country of manufacture","Dollars","Unadjusted","Dollars","81","thousands","3","v42169913","1.1.1.2.1","44097","","","","0"
"1948-12","Canada","2016A000011124","Total, new motor vehicles","Total, country of manufacture","Dollars","Unadjusted","Dollars","81","thousands","3","v42169913","1.1.1.2.1","43031","","","","0"
"1949-01","Canada","2016A000011124","Total, new motor vehicles","Total, country of manufacture","Dollars","Unadjusted","Dollars","81","thousands","3","v42169913","1.1.1.2.1","25386","","","","0"
"1949-02","Canada","2016A000011124","Total, new motor vehicles","Total, country of manufacture","Dollars","Unadjusted","Dollars","81","thousands","3","v42169913","1.1.1.2.1","32984","","","","0"
"1949-03","Canada","2016A000011124","Total, new motor vehicles","Total, country of manufacture","Dollars","Unadjusted","Dollars","81","thousands","3","v42169913","1.1.1.2.1","52640","","","","0"
"1949-04","Canada","2016A000011124","Total, new motor vehicles","Total, country of manufacture","Dollars","Unadjusted","Dollars","81","thousands","3","v42169913","1.1.1.2.1","60856","","","","0"
"1949-05","Canada","2016A000011124","Total, new motor vehicles","Total, country of manufacture","Dollars","Unadjusted","Dollars","81","thousands","3","v42169913","1.1.1.2.1","59577","","","","0"
"1949-06","Canada","2016A000011124","Total, new motor vehicles","Total, country of manufacture","Dollars","Unadjusted","Dollars","81","thousands","3","v42169913","1.1.1.2.1","57546","","","","0"
"1949-07","Canada","2016A000011124","Total, new motor vehicles","Total, country of manufacture","Dollars","Unadjusted","Dollars","81","thousands","3","v42169913","1.1.1.2.1","59295","","","","0"
"1949-08","Canada","2016A000011124","Total, new motor vehicles","Total, country of manufacture","Dollars","Unadjusted","Dollars","81","thousands","3","v42169913","1.1.1.2.1","37086","","","","0"
"1949-09","Canada","2016A000011124","Total, new motor vehicles","Total, country of manufacture","Dollars","Unadjusted","Dollars","81","thousands","3","v42169913","1.1.1.2.1","56657","","","","0"
"1949-10","Canada","2016A000011124","Total, new motor vehicles","Total, country of manufacture","Dollars","Unadjusted","Dollars","81","thousands","3","v42169913","1.1.1.2.1","61594","","","","0"
"1949-11","Canada","2016A000011124","Total, new motor vehicles","Total, country of manufacture","Dollars","Unadjusted","Dollars","81","thousands","3","v42169913","1.1.1.2.1","40301","","","","0"
"1949-12","Canada","2016A000011124","Total, new motor vehicles","Total, country of manufacture","Dollars","Unadjusted","Dollars","81","thousands","3","v42169913","1.1.1.2.1","44803","","","","0"
"1950-01","Canada","2016A000011124","Total, new motor vehicles","Total, country of manufacture","Dollars","Unadjusted","Dollars","81","thousands","3","v42169913","1.1.1.2.1","55003","","","","0"
"1950-02","Canada","2016A000011124","Total, new motor vehicles","Total, country of manufacture","Dollars","Unadjusted","Dollars","81","thousands","3","v42169913","1.1.1.2.1","59803","","","","0"
"1950-03","Canada","2016A000011124","Total, new motor vehicles","Total, country of manufacture","Dollars","Unadjusted","Dollars","81","thousands","3","v42169913","1.1.1.2.1","70817","","","","0"
"1950-04","Canada","2016A000011124","Total, new motor vehicles","Total, country of manufacture","Dollars","Unadjusted","Dollars","81","thousands","3","v42169913","1.1.1.2.1","74109","","","","0"
"1950-05","Canada","2016A000011124","Total, new motor vehicles","Total, country of manufacture","Dollars","Unadjusted","Dollars","81","thousands","3","v42169913","1.1.1.2.1","82114","","","","0"
"1950-06","Canada","2016A000011124","Total, new motor vehicles","Total, country of manufacture","Dollars","Unadjusted","Dollars","81","thousands","3","v42169913","1.1.1.2.1","93811","","","","0"
"1950-07","Canada","2016A000011124","Total, new motor vehicles","Total, country of manufacture","Dollars","Unadjusted","Dollars","81","thousands","3","v42169913","1.1.1.2.1","89343","","","","0"
"1950-08","Canada","2016A000011124","Total, new motor vehicles","Total, country of manufacture","Dollars","Unadjusted","Dollars","81","thousands","3","v42169913","1.1.1.2.1","67981","","","","0"
"1950-09","Canada","2016A000011124","Total, new motor vehicles","Total, country of manufacture","Dollars","Unadjusted","Dollars","81","thousands","3","v42169913","1.1.1.2.1","83062","","","","0"
"1950-10","Canada","2016A000011124","Total, new motor vehicles","Total, country of manufacture","Dollars","Unadjusted","Dollars","81","thousands","3","v42169913","1.1.1.2.1","74479","","","","0"
"1950-11","Canada","2016A000011124","Total, new motor vehicles","Total, country of manufacture","Dollars","Unadjusted","Dollars","81","thousands","3","v42169913","1.1.1.2.1","71366","","","","0"
"1950-12","Canada","2016A000011124","Total, new motor vehicles","Total, country of manufacture","Dollars","Unadjusted","Dollars","81","thousands","3","v42169913","1.1.1.2.1","63782","","","","0"
"1951-01","Canada","2016A000011124","Total, new motor vehicles","Total, country of manufacture","Dollars","Unadjusted","Dollars","81","thousands","3","v42169913","1.1.1.2.1","76648","","","","0"
"1951-02","Canada","2016A000011124","Total, new motor vehicles","Total, country of manufacture","Dollars","Unadjusted","Dollars","81","thousands","3","v42169913","1.1.1.2.1","101020","","","","0"
"1951-03","Canada","2016A000011124","Total, new motor vehicles","Total, country of manufacture","Dollars","Unadjusted","Dollars","81","thousands","3","v42169913","1.1.1.2.1","116907","","","","0"
"1951-04","Canada","2016A000011124","Total, new motor vehicles","Total, country of manufacture","Dollars","Unadjusted","Dollars","81","thousands","3","v42169913","1.1.1.2.1","114159","","","","0"
"1951-05","Canada","2016A000011124","Total, new motor vehicles","Total, country of manufacture","Dollars","Unadjusted","Dollars","81","thousands","3","v42169913","1.1.1.2.1","92670","","","","0"
"1951-06","Canada","2016A000011124","Total, new motor vehicles","Total, country of manufacture","Dollars","Unadjusted","Dollars","81","thousands","3","v42169913","1.1.1.2.1","83750","","","","0"
"1951-07","Canada","2016A000011124","Total, new motor vehicles","Total, country of manufacture","Dollars","Unadjusted","Dollars","81","thousands","3","v42169913","1.1.1.2.1","74539","","","","0"
"1951-08","Canada","2016A000011124","Total, new motor vehicles","Total, country of manufacture","Dollars","Unadjusted","Dollars","81","thousands","3","v42169913","1.1.1.2.1","55081","","","","0"
"1951-09","Canada","2016A000011124","Total, new motor vehicles","Total, country of manufacture","Dollars","Unadjusted","Dollars","81","thousands","3","v42169913","1.1.1.2.1","70836","","","","0"
"1951-10","Canada","2016A000011124","Total, new motor vehicles","Total, country of manufacture","Dollars","Unadjusted","Dollars","81","thousands","3","v42169913","1.1.1.2.1","58049","","","","0"
"1951-11","Canada","2016A000011124","Total, new motor vehicles","Total, country of manufacture","Dollars","Unadjusted","Dollars","81","thousands","3","v42169913","1.1.1.2.1","55629","","","","0"
"1951-12","Canada","2016A000011124","Total, new motor vehicles","Total, country of manufacture","Dollars","Unadjusted","Dollars","81","thousands","3","v42169913","1.1.1.2.1","50873","","","","0"
"1952-01","Canada","2016A000011124","Total, new motor vehicles","Total, country of manufacture","Dollars","Unadjusted","Dollars","81","thousands","3","v42169913","1.1.1.2.1","52966","","","","0"
"1952-02","Canada","2016A000011124","Total, new motor vehicles","Total, country of manufacture","Dollars","Unadjusted","Dollars","81","thousands","3","v42169913","1.1.1.2.1","66166","","","","0"
"1952-03","Canada","2016A000011124","Total, new motor vehicles","Total, country of manufacture","Dollars","Unadjusted","Dollars","81","thousands","3","v42169913","1.1.1.2.1","85656","","","","0"
"1952-04","Canada","2016A000011124","Total, new motor vehicles","Total, country of manufacture","Dollars","Unadjusted","Dollars","81","thousands","3","v42169913","1.1.1.2.1","102928","","","","0"
"1952-05","Canada","2016A000011124","Total, new motor vehicles","Total, country of manufacture","Dollars","Unadjusted","Dollars","81","thousands","3","v42169913","1.1.1.2.1","123352","","","","0"
"1952-06","Canada","2016A000011124","Total, new motor vehicles","Total, country of manufacture","Dollars","Unadjusted","Dollars","81","thousands","3","v42169913","1.1.1.2.1","106320","","","","0"
"1952-07","Canada","2016A000011124","Total, new motor vehicles","Total, country of manufacture","Dollars","Unadjusted","Dollars","81","thousands","3","v42169913","1.1.1.2.1","94224","","","","0"
"1952-08","Canada","2016A000011124","Total, new motor vehicles","Total, country of manufacture","Dollars","Unadjusted","Dollars","81","thousands","3","v42169913","1.1.1.2.1","66350","","","","0"
"1952-09","Canada","2016A000011124","Total, new motor vehicles","Total, country of manufacture","Dollars","Unadjusted","Dollars","81","thousands","3","v42169913","1.1.1.2.1","78771","","","","0"
"1952-10","Canada","2016A000011124","Total, new motor vehicles","Total, country of manufacture","Dollars","Unadjusted","Dollars","81","thousands","3","v42169913","1.1.1.2.1","83880","","","","0"
"1952-11","Canada","2016A000011124","Total, new motor vehicles","Total, country of manufacture","Dollars","Unadjusted","Dollars","81","thousands","3","v42169913","1.1.1.2.1","78592","","","","0"
"1952-12","Canada","2016A000011124","Total, new motor vehicles","Total, country of manufacture","Dollars","Unadjusted","Dollars","81","thousands","3","v42169913","1.1.1.2.1","63412","","","","0"
"1953-01","Canada","2016A000011124","Total, new motor vehicles","Total, country of manufacture","Dollars","Unadjusted","Dollars","81","thousands","3","v42169913","1.1.1.2.1","75031","","","","0"
"1953-02","Canada","2016A000011124","Total, new motor vehicles","Total, country of manufacture","Dollars","Unadjusted","Dollars","81","thousands","3","v42169913","1.1.1.2.1","96516","","","","0"
"1953-03","Canada","2016A000011124","Total, new motor vehicles","Total, country of manufacture","Dollars","Unadjusted","Dollars","81","thousands","3","v42169913","1.1.1.2.1","124814","","","","0"
"1953-04","Canada","2016A000011124","Total, new motor vehicles","Total, country of manufacture","Dollars","Unadjusted","Dollars","81","thousands","3","v42169913","1.1.1.2.1","140674","","","","0"
"1953-05","Canada","2016A000011124","Total, new motor vehicles","Total, country of manufacture","Dollars","Unadjusted","Dollars","81","thousands","3","v42169913","1.1.1.2.1","133302","","","","0"
"1953-06","Canada","2016A000011124","Total, new motor vehicles","Total, country of manufacture","Dollars","Unadjusted","Dollars","81","thousands","3","v42169913","1.1.1.2.1","118005","","","","0"
"1953-07","Canada","2016A000011124","Total, new motor vehicles","Total, country of manufacture","Dollars","Unadjusted","Dollars","81","thousands","3","v42169913","1.1.1.2.1","106789","","","","0"
"1953-08","Canada","2016A000011124","Total, new motor vehicles","Total, country of manufacture","Dollars","Unadjusted","Dollars","81","thousands","3","v42169913","1.1.1.2.1","73145","","","","0"
"1953-09","Canada","2016A000011124","Total, new motor vehicles","Total, country of manufacture","Dollars","Unadjusted","Dollars","81","thousands","3","v42169913","1.1.1.2.1","75755","","","","0"
"1953-10","Canada","2016A000011124","Total, new motor vehicles","Total, country of manufacture","Dollars","Unadjusted","Dollars","81","thousands","3","v42169913","1.1.1.2.1","82769","","","","0"
"1953-11","Canada","2016A000011124","Total, new motor vehicles","Total, country of manufacture","Dollars","Unadjusted","Dollars","81","thousands","3","v42169913","1.1.1.2.1","71750","","","","0"
"1953-12","Canada","2016A000011124","Total, new motor vehicles","Total, country of manufacture","Dollars","Unadjusted","Dollars","81","thousands","3","v42169913","1.1.1.2.1","63921","","","","0"
"1954-01","Canada","2016A000011124","Total, new motor vehicles","Total, country of manufacture","Dollars","Unadjusted","Dollars","81","thousands","3","v42169913","1.1.1.2.1","59204","","","","0"
"1954-02","Canada","2016A000011124","Total, new motor vehicles","Total, country of manufacture","Dollars","Unadjusted","Dollars","81","thousands","3","v42169913","1.1.1.2.1","76864","","","","0"
"1954-03","Canada","2016A000011124","Total, new motor vehicles","Total, country of manufacture","Dollars","Unadjusted","Dollars","81","thousands","3","v42169913","1.1.1.2.1","116961","","","","0"
"1954-04","Canada","2016A000011124","Total, new motor vehicles","Total, country of manufacture","Dollars","Unadjusted","Dollars","81","thousands","3","v42169913","1.1.1.2.1","121793","","","","0"
"1954-05","Canada","2016A000011124","Total, new motor vehicles","Total, country of manufacture","Dollars","Unadjusted","Dollars","81","thousands","3","v42169913","1.1.1.2.1","113534","","","","0"
"1954-06","Canada","2016A000011124","Total, new motor vehicles","Total, country of manufacture","Dollars","Unadjusted","Dollars","81","thousands","3","v42169913","1.1.1.2.1","100391","","","","0"
"1954-07","Canada","2016A000011124","Total, new motor vehicles","Total, country of manufacture","Dollars","Unadjusted","Dollars","81","thousands","3","v42169913","1.1.1.2.1","85919","","","","0"
"1954-08","Canada","2016A000011124","Total, new motor vehicles","Total, country of manufacture","Dollars","Unadjusted","Dollars","81","thousands","3","v42169913","1.1.1.2.1","69868","","","","0"
"1954-09","Canada","2016A000011124","Total, new motor vehicles","Total, country of manufacture","Dollars","Unadjusted","Dollars","81","thousands","3","v42169913","1.1.1.2.1","71881","","","","0"
"1954-10","Canada","2016A000011124","Total, new motor vehicles","Total, country of manufacture","Dollars","Unadjusted","Dollars","81","thousands","3","v42169913","1.1.1.2.1","53389","","","","0"
"1954-11","Canada","2016A000011124","Total, new motor vehicles","Total, country of manufacture","Dollars","Unadjusted","Dollars","81","thousands","3","v42169913","1.1.1.2.1","55917","","","","0"
"1954-12","Canada","2016A000011124","Total, new motor vehicles","Total, country of manufacture","Dollars","Unadjusted","Dollars","81","thousands","3","v42169913","1.1.1.2.1","63797","","","","0"
"1955-01","Canada","2016A000011124","Total, new motor vehicles","Total, country of manufacture","Dollars","Unadjusted","Dollars","81","thousands","3","v42169913","1.1.1.2.1","57509","","","","0"
"1955-02","Canada","2016A000011124","Total, new motor vehicles","Total, country of manufacture","Dollars","Unadjusted","Dollars","81","thousands","3","v42169913","1.1.1.2.1","70046","","","","0"
"1955-03","Canada","2016A000011124","Total, new motor vehicles","Total, country of manufacture","Dollars","Unadjusted","Dollars","81","thousands","3","v42169913","1.1.1.2.1","92435","","","","0"
"1955-04","Canada","2016A000011124","Total, new motor vehicles","Total, country of manufacture","Dollars","Unadjusted","Dollars","81","thousands","3","v42169913","1.1.1.2.1","143719","","","","0"
"1955-05","Canada","2016A000011124","Total, new motor vehicles","Total, country of manufacture","Dollars","Unadjusted","Dollars","81","thousands","3","v42169913","1.1.1.2.1","159987","","","","0"
"1955-06","Canada","2016A000011124","Total, new motor vehicles","Total, country of manufacture","Dollars","Unadjusted","Dollars","81","thousands","3","v42169913","1.1.1.2.1","146006","","","","0"
"1955-07","Canada","2016A000011124","Total, new motor vehicles","Total, country of manufacture","Dollars","Unadjusted","Dollars","81","thousands","3","v42169913","1.1.1.2.1","126378","","","","0"
"1955-08","Canada","2016A000011124","Total, new motor vehicles","Total, country of manufacture","Dollars","Unadjusted","Dollars","81","thousands","3","v42169913","1.1.1.2.1","111270","","","","0"
"1955-09","Canada","2016A000011124","Total, new motor vehicles","Total, country of manufacture","Dollars","Unadjusted","Dollars","81","thousands","3","v42169913","1.1.1.2.1","85961","","","","0"
"1955-10","Canada","2016A000011124","Total, new motor vehicles","Total, country of manufacture","Dollars","Unadjusted","Dollars","81","thousands","3","v42169913","1.1.1.2.1","93986","","","","0"
"1955-11","Canada","2016A000011124","Total, new motor vehicles","Total, country of manufacture","Dollars","Unadjusted","Dollars","81","thousands","3","v42169913","1.1.1.2.1","83251","","","","0"
"1955-12","Canada","2016A000011124","Total, new motor vehicles","Total, country of manufacture","Dollars","Unadjusted","Dollars","81","thousands","3","v42169913","1.1.1.2.1","85342","","","","0"
"1956-01","Canada","2016A000011124","Total, new motor vehicles","Total, country of manufacture","Dollars","Unadjusted","Dollars","81","thousands","3","v42169913","1.1.1.2.1","63791","","","","0"
"1956-02","Canada","2016A000011124","Total, new motor vehicles","Total, country of manufacture","Dollars","Unadjusted","Dollars","81","thousands","3","v42169913","1.1.1.2.1","85975","","","","0"
"1956-03","Canada","2016A000011124","Total, new motor vehicles","Total, country of manufacture","Dollars","Unadjusted","Dollars","81","thousands","3","v42169913","1.1.1.2.1","128272","","","","0"
"1956-04","Canada","2016A000011124","Total, new motor vehicles","Total, country of manufacture","Dollars","Unadjusted","Dollars","81","thousands","3","v42169913","1.1.1.2.1","169259","","","","0"
"1956-05","Canada","2016A000011124","Total, new motor vehicles","Total, country of manufacture","Dollars","Unadjusted","Dollars","81","thousands","3","v42169913","1.1.1.2.1","189177","","","","0"
"1956-06","Canada","2016A000011124","Total, new motor vehicles","Total, country of manufacture","Dollars","Unadjusted","Dollars","81","thousands","3","v42169913","1.1.1.2.1","169710","","","","0"
"1956-07","Canada","2016A000011124","Total, new motor vehicles","Total, country of manufacture","Dollars","Unadjusted","Dollars","81","thousands","3","v42169913","1.1.1.2.1","147728","","","","0"
"1956-08","Canada","2016A000011124","Total, new motor vehicles","Total, country of manufacture","Dollars","Unadjusted","Dollars","81","thousands","3","v42169913","1.1.1.2.1","120925","","","","0"
"1956-09","Canada","2016A000011124","Total, new motor vehicles","Total, country of manufacture","Dollars","Unadjusted","Dollars","81","thousands","3","v42169913","1.1.1.2.1","98092","","","","0"
"1956-10","Canada","2016A000011124","Total, new motor vehicles","Total, country of manufacture","Dollars","Unadjusted","Dollars","81","thousands","3","v42169913","1.1.1.2.1","97733","","","","0"
"1956-11","Canada","2016A000011124","Total, new motor vehicles","Total, country of manufacture","Dollars","Unadjusted","Dollars","81","thousands","3","v42169913","1.1.1.2.1","90823","","","","0"
"1956-12","Canada","2016A000011124","Total, new motor vehicles","Total, country of manufacture","Dollars","Unadjusted","Dollars","81","thousands","3","v42169913","1.1.1.2.1","93890","","","","0"
"1957-01","Canada","2016A000011124","Total, new motor vehicles","Total, country of manufacture","Dollars","Unadjusted","Dollars","81","thousands","3","v42169913","1.1.1.2.1","101295","","","","0"
"1957-02","Canada","2016A000011124","Total, new motor vehicles","Total, country of manufacture","Dollars","Unadjusted","Dollars","81","thousands","3","v42169913","1.1.1.2.1","98952","","","","0"
"1957-03","Canada","2016A000011124","Total, new motor vehicles","Total, country of manufacture","Dollars","Unadjusted","Dollars","81","thousands","3","v42169913","1.1.1.2.1","138462","","","","0"
"1957-04","Canada","2016A000011124","Total, new motor vehicles","Total, country of manufacture","Dollars","Unadjusted","Dollars","81","thousands","3","v42169913","1.1.1.2.1","164918","","","","0"
"1957-05","Canada","2016A000011124","Total, new motor vehicles","Total, country of manufacture","Dollars","Unadjusted","Dollars","81","thousands","3","v42169913","1.1.1.2.1","163236","","","","0"
"1957-06","Canada","2016A000011124","Total, new motor vehicles","Total, country of manufacture","Dollars","Unadjusted","Dollars","81","thousands","3","v42169913","1.1.1.2.1","135534","","","","0"
"1957-07","Canada","2016A000011124","Total, new motor vehicles","Total, country of manufacture","Dollars","Unadjusted","Dollars","81","thousands","3","v42169913","1.1.1.2.1","123716","","","","0"
"1957-08","Canada","2016A000011124","Total, new motor vehicles","Total, country of manufacture","Dollars","Unadjusted","Dollars","81","thousands","3","v42169913","1.1.1.2.1","109997","","","","0"
"1957-09","Canada","2016A000011124","Total, new motor vehicles","Total, country of manufacture","Dollars","Unadjusted","Dollars","81","thousands","3","v42169913","1.1.1.2.1","95692","","","","0"
"1957-10","Canada","2016A000011124","Total, new motor vehicles","Total, country of manufacture","Dollars","Unadjusted","Dollars","81","thousands","3","v42169913","1.1.1.2.1","76094","","","","0"
"1957-11","Canada","2016A000011124","Total, new motor vehicles","Total, country of manufacture","Dollars","Unadjusted","Dollars","81","thousands","3","v42169913","1.1.1.2.1","77947","","","","0"
"1957-12","Canada","2016A000011124","Total, new motor vehicles","Total, country of manufacture","Dollars","Unadjusted","Dollars","81","thousands","3","v42169913","1.1.1.2.1","83088","","","","0"
"1958-01","Canada","2016A000011124","Total, new motor vehicles","Total, country of manufacture","Dollars","Unadjusted","Dollars","81","thousands","3","v42169913","1.1.1.2.1","94358","","","","0"
"1958-02","Canada","2016A000011124","Total, new motor vehicles","Total, country of manufacture","Dollars","Unadjusted","Dollars","81","thousands","3","v42169913","1.1.1.2.1","95032","","","","0"
"1958-03","Canada","2016A000011124","Total, new motor vehicles","Total, country of manufacture","Dollars","Unadjusted","Dollars","81","thousands","3","v42169913","1.1.1.2.1","125078","","","","0"
"1958-04","Canada","2016A000011124","Total, new motor vehicles","Total, country of manufacture","Dollars","Unadjusted","Dollars","81","thousands","3","v42169913","1.1.1.2.1","158422","","","","0"
"1958-05","Canada","2016A000011124","Total, new motor vehicles","Total, country of manufacture","Dollars","Unadjusted","Dollars","81","thousands","3","v42169913","1.1.1.2.1","146776","","","","0"
"1958-06","Canada","2016A000011124","Total, new motor vehicles","Total, country of manufacture","Dollars","Unadjusted","Dollars","81","thousands","3","v42169913","1.1.1.2.1","136284","","","","0"
"1958-07","Canada","2016A000011124","Total, new motor vehicles","Total, country of manufacture","Dollars","Unadjusted","Dollars","81","thousands","3","v42169913","1.1.1.2.1","123589","","","","0"
"1958-08","Canada","2016A000011124","Total, new motor vehicles","Total, country of manufacture","Dollars","Unadjusted","Dollars","81","thousands","3","v42169913","1.1.1.2.1","93153","","","","0"
"1958-09","Canada","2016A000011124","Total, new motor vehicles","Total, country of manufacture","Dollars","Unadjusted","Dollars","81","thousands","3","v42169913","1.1.1.2.1","81790","","","","0"
"1958-10","Canada","2016A000011124","Total, new motor vehicles","Total, country of manufacture","Dollars","Unadjusted","Dollars","81","thousands","3","v42169913","1.1.1.2.1","101647","","","","0"
"1958-11","Canada","2016A000011124","Total, new motor vehicles","Total, country of manufacture","Dollars","Unadjusted","Dollars","81","thousands","3","v42169913","1.1.1.2.1","98179","","","","0"
"1958-12","Canada","2016A000011124","Total, new motor vehicles","Total, country of manufacture","Dollars","Unadjusted","Dollars","81","thousands","3","v42169913","1.1.1.2.1","111158","","","","0"
"1959-01","Canada","2016A000011124","Total, new motor vehicles","Total, country of manufacture","Dollars","Unadjusted","Dollars","81","thousands","3","v42169913","1.1.1.2.1","103828","","","","0"
"1959-02","Canada","2016A000011124","Total, new motor vehicles","Total, country of manufacture","Dollars","Unadjusted","Dollars","81","thousands","3","v42169913","1.1.1.2.1","114828","","","","0"
"1959-03","Canada","2016A000011124","Total, new motor vehicles","Total, country of manufacture","Dollars","Unadjusted","Dollars","81","thousands","3","v42169913","1.1.1.2.1","150070","","","","0"
"1959-04","Canada","2016A000011124","Total, new motor vehicles","Total, country of manufacture","Dollars","Unadjusted","Dollars","81","thousands","3","v42169913","1.1.1.2.1","179815","","","","0"
"1959-05","Canada","2016A000011124","Total, new motor vehicles","Total, country of manufacture","Dollars","Unadjusted","Dollars","81","thousands","3","v42169913","1.1.1.2.1","169327","","","","0"
"1959-06","Canada","2016A000011124","Total, new motor vehicles","Total, country of manufacture","Dollars","Unadjusted","Dollars","81","thousands","3","v42169913","1.1.1.2.1","173526","","","","0"
"1959-07","Canada","2016A000011124","Total, new motor vehicles","Total, country of manufacture","Dollars","Unadjusted","Dollars","81","thousands","3","v42169913","1.1.1.2.1","130971","","","","0"
"1959-08","Canada","2016A000011124","Total, new motor vehicles","Total, country of manufacture","Dollars","Unadjusted","Dollars","81","thousands","3","v42169913","1.1.1.2.1","114541","","","","0"
"1959-09","Canada","2016A000011124","Total, new motor vehicles","Total, country of manufacture","Dollars","Unadjusted","Dollars","81","thousands","3","v42169913","1.1.1.2.1","94969","","","","0"
"1959-10","Canada","2016A000011124","Total, new motor vehicles","Total, country of manufacture","Dollars","Unadjusted","Dollars","81","thousands","3","v42169913","1.1.1.2.1","113022","","","","0"
"1959-11","Canada","2016A000011124","Total, new motor vehicles","Total, country of manufacture","Dollars","Unadjusted","Dollars","81","thousands","3","v42169913","1.1.1.2.1","107519","","","","0"
"1959-12","Canada","2016A000011124","Total, new motor vehicles","Total, country of manufacture","Dollars","Unadjusted","Dollars","81","thousands","3","v42169913","1.1.1.2.1","87752","","","","0"
"1960-01","Canada","2016A000011124","Total, new motor vehicles","Total, country of manufacture","Dollars","Unadjusted","Dollars","81","thousands","3","v42169913","1.1.1.2.1","101630","","","","0"
"1960-02","Canada","2016A000011124","Total, new motor vehicles","Total, country of manufacture","Dollars","Unadjusted","Dollars","81","thousands","3","v42169913","1.1.1.2.1","122915","","","","0"
"1960-03","Canada","2016A000011124","Total, new motor vehicles","Total, country of manufacture","Dollars","Unadjusted","Dollars","81","thousands","3","v42169913","1.1.1.2.1","152950","","","","0"
"1960-04","Canada","2016A000011124","Total, new motor vehicles","Total, country of manufacture","Dollars","Unadjusted","Dollars","81","thousands","3","v42169913","1.1.1.2.1","172305","","","","0"
"1960-05","Canada","2016A000011124","Total, new motor vehicles","Total, country of manufacture","Dollars","Unadjusted","Dollars","81","thousands","3","v42169913","1.1.1.2.1","174514","","","","0"
"1960-06","Canada","2016A000011124","Total, new motor vehicles","Total, country of manufacture","Dollars","Unadjusted","Dollars","81","thousands","3","v42169913","1.1.1.2.1","173781","","","","0"
"1960-07","Canada","2016A000011124","Total, new motor vehicles","Total, country of manufacture","Dollars","Unadjusted","Dollars","81","thousands","3","v42169913","1.1.1.2.1","116751","","","","0"
"1960-08","Canada","2016A000011124","Total, new motor vehicles","Total, country of manufacture","Dollars","Unadjusted","Dollars","81","thousands","3","v42169913","1.1.1.2.1","105641","","","","0"
"1960-09","Canada","2016A000011124","Total, new motor vehicles","Total, country of manufacture","Dollars","Unadjusted","Dollars","81","thousands","3","v42169913","1.1.1.2.1","93835","","","","0"
"1960-10","Canada","2016A000011124","Total, new motor vehicles","Total, country of manufacture","Dollars","Unadjusted","Dollars","81","thousands","3","v42169913","1.1.1.2.1","119567","","","","0"
"1960-11","Canada","2016A000011124","Total, new motor vehicles","Total, country of manufacture","Dollars","Unadjusted","Dollars","81","thousands","3","v42169913","1.1.1.2.1","126420","","","","0"
"1960-12","Canada","2016A000011124","Total, new motor vehicles","Total, country of manufacture","Dollars","Unadjusted","Dollars","81","thousands","3","v42169913","1.1.1.2.1","114518","","","","0"
"1961-01","Canada","2016A000011124","Total, new motor vehicles","Total, country of manufacture","Dollars","Unadjusted","Dollars","81","thousands","3","v42169913","1.1.1.2.1","101581","","","","0"
"1961-02","Canada","2016A000011124","Total, new motor vehicles","Total, country of manufacture","Dollars","Unadjusted","Dollars","81","thousands","3","v42169913","1.1.1.2.1","110050","","","","0"
"1961-03","Canada","2016A000011124","Total, new motor vehicles","Total, country of manufacture","Dollars","Unadjusted","Dollars","81","thousands","3","v42169913","1.1.1.2.1","136687","","","","0"
"1961-04","Canada","2016A000011124","Total, new motor vehicles","Total, country of manufacture","Dollars","Unadjusted","Dollars","81","thousands","3","v42169913","1.1.1.2.1","155335","","","","0"
"1961-05","Canada","2016A000011124","Total, new motor vehicles","Total, country of manufacture","Dollars","Unadjusted","Dollars","81","thousands","3","v42169913","1.1.1.2.1","176826","","","","0"
"1961-06","Canada","2016A000011124","Total, new motor vehicles","Total, country of manufacture","Dollars","Unadjusted","Dollars","81","thousands","3","v42169913","1.1.1.2.1","159450","","","","0"
"1961-07","Canada","2016A000011124","Total, new motor vehicles","Total, country of manufacture","Dollars","Unadjusted","Dollars","81","thousands","3","v42169913","1.1.1.2.1","134574","","","","0"
"1961-08","Canada","2016A000011124","Total, new motor vehicles","Total, country of manufacture","Dollars","Unadjusted","Dollars","81","thousands","3","v42169913","1.1.1.2.1","110324","","","","0"
"1961-09","Canada","2016A000011124","Total, new motor vehicles","Total, country of manufacture","Dollars","Unadjusted","Dollars","81","thousands","3","v42169913","1.1.1.2.1","86651","","","","0"
"1961-10","Canada","2016A000011124","Total, new motor vehicles","Total, country of manufacture","Dollars","Unadjusted","Dollars","81","thousands","3","v42169913","1.1.1.2.1","115575","","","","0"
"1961-11","Canada","2016A000011124","Total, new motor vehicles","Total, country of manufacture","Dollars","Unadjusted","Dollars","81","thousands","3","v42169913","1.1.1.2.1","150105","","","","0"
"1961-12","Canada","2016A000011124","Total, new motor vehicles","Total, country of manufacture","Dollars","Unadjusted","Dollars","81","thousands","3","v42169913","1.1.1.2.1","114250","","","","0"
"1962-01","Canada","2016A000011124","Total, new motor vehicles","Total, country of manufacture","Dollars","Unadjusted","Dollars","81","thousands","3","v42169913","1.1.1.2.1","133180","","","","0"
"1962-02","Canada","2016A000011124","Total, new motor vehicles","Total, country of manufacture","Dollars","Unadjusted","Dollars","81","thousands","3","v42169913","1.1.1.2.1","118108","","","","0"
"1962-03","Canada","2016A000011124","Total, new motor vehicles","Total, country of manufacture","Dollars","Unadjusted","Dollars","81","thousands","3","v42169913","1.1.1.2.1","173329","","","","0"
"1962-04","Canada","2016A000011124","Total, new motor vehicles","Total, country of manufacture","Dollars","Unadjusted","Dollars","81","thousands","3","v42169913","1.1.1.2.1","186628","","","","0"
"1962-05","Canada","2016A000011124","Total, new motor vehicles","Total, country of manufacture","Dollars","Unadjusted","Dollars","81","thousands","3","v42169913","1.1.1.2.1","222959","","","","0"
"1962-06","Canada","2016A000011124","Total, new motor vehicles","Total, country of manufacture","Dollars","Unadjusted","Dollars","81","thousands","3","v42169913","1.1.1.2.1","182954","","","","0"
"1962-07","Canada","2016A000011124","Total, new motor vehicles","Total, country of manufacture","Dollars","Unadjusted","Dollars","81","thousands","3","v42169913","1.1.1.2.1","139128","","","","0"
"1962-08","Canada","2016A000011124","Total, new motor vehicles","Total, country of manufacture","Dollars","Unadjusted","Dollars","81","thousands","3","v42169913","1.1.1.2.1","106974","","","","0"
"1962-09","Canada","2016A000011124","Total, new motor vehicles","Total, country of manufacture","Dollars","Unadjusted","Dollars","81","thousands","3","v42169913","1.1.1.2.1","70550","","","","0"
"1962-10","Canada","2016A000011124","Total, new motor vehicles","Total, country of manufacture","Dollars","Unadjusted","Dollars","81","thousands","3","v42169913","1.1.1.2.1","149172","","","","0"
"1962-11","Canada","2016A000011124","Total, new motor vehicles","Total, country of manufacture","Dollars","Unadjusted","Dollars","81","thousands","3","v42169913","1.1.1.2.1","154452","","","","0"
"1962-12","Canada","2016A000011124","Total, new motor vehicles","Total, country of manufacture","Dollars","Unadjusted","Dollars","81","thousands","3","v42169913","1.1.1.2.1","145482","","","","0"
"1963-01","Canada","2016A000011124","Total, new motor vehicles","Total, country of manufacture","Dollars","Unadjusted","Dollars","81","thousands","3","v42169913","1.1.1.2.1","137125","","","","0"
"1963-02","Canada","2016A000011124","Total, new motor vehicles","Total, country of manufacture","Dollars","Unadjusted","Dollars","81","thousands","3","v42169913","1.1.1.2.1","143862","","","","0"
"1963-03","Canada","2016A000011124","Total, new motor vehicles","Total, country of manufacture","Dollars","Unadjusted","Dollars","81","thousands","3","v42169913","1.1.1.2.1","175270","","","","0"
"1963-04","Canada","2016A000011124","Total, new motor vehicles","Total, country of manufacture","Dollars","Unadjusted","Dollars","81","thousands","3","v42169913","1.1.1.2.1","229596","","","","0"
"1963-05","Canada","2016A000011124","Total, new motor vehicles","Total, country of manufacture","Dollars","Unadjusted","Dollars","81","thousands","3","v42169913","1.1.1.2.1","229994","","","","0"
"1963-06","Canada","2016A000011124","Total, new motor vehicles","Total, country of manufacture","Dollars","Unadjusted","Dollars","81","thousands","3","v42169913","1.1.1.2.1","212119","","","","0"
"1963-07","Canada","2016A000011124","Total, new motor vehicles","Total, country of manufacture","Dollars","Unadjusted","Dollars","81","thousands","3","v42169913","1.1.1.2.1","154817","","","","0"
"1963-08","Canada","2016A000011124","Total, new motor vehicles","Total, country of manufacture","Dollars","Unadjusted","Dollars","81","thousands","3","v42169913","1.1.1.2.1","110362","","","","0"
"1963-09","Canada","2016A000011124","Total, new motor vehicles","Total, country of manufacture","Dollars","Unadjusted","Dollars","81","thousands","3","v42169913","1.1.1.2.1","100826","","","","0"
"1963-10","Canada","2016A000011124","Total, new motor vehicles","Total, country of manufacture","Dollars","Unadjusted","Dollars","81","thousands","3","v42169913","1.1.1.2.1","187701","","","","0"
"1963-11","Canada","2016A000011124","Total, new motor vehicles","Total, country of manufacture","Dollars","Unadjusted","Dollars","81","thousands","3","v42169913","1.1.1.2.1","203618","","","","0"
"1963-12","Canada","2016A000011124","Total, new motor vehicles","Total, country of manufacture","Dollars","Unadjusted","Dollars","81","thousands","3","v42169913","1.1.1.2.1","176749","","","","0"
"1964-01","Canada","2016A000011124","Total, new motor vehicles","Total, country of manufacture","Dollars","Unadjusted","Dollars","81","thousands","3","v42169913","1.1.1.2.1","172961","","","","0"
"1964-02","Canada","2016A000011124","Total, new motor vehicles","Total, country of manufacture","Dollars","Unadjusted","Dollars","81","thousands","3","v42169913","1.1.1.2.1","177034","","","","0"
"1964-03","Canada","2016A000011124","Total, new motor vehicles","Total, country of manufacture","Dollars","Unadjusted","Dollars","81","thousands","3","v42169913","1.1.1.2.1","228289","","","","0"
"1964-04","Canada","2016A000011124","Total, new motor vehicles","Total, country of manufacture","Dollars","Unadjusted","Dollars","81","thousands","3","v42169913","1.1.1.2.1","255588","","","","0"
"1964-05","Canada","2016A000011124","Total, new motor vehicles","Total, country of manufacture","Dollars","Unadjusted","Dollars","81","thousands","3","v42169913","1.1.1.2.1","261534","","","","0"
"1964-06","Canada","2016A000011124","Total, new motor vehicles","Total, country of manufacture","Dollars","Unadjusted","Dollars","81","thousands","3","v42169913","1.1.1.2.1","236405","","","","0"
"1964-07","Canada","2016A000011124","Total, new motor vehicles","Total, country of manufacture","Dollars","Unadjusted","Dollars","81","thousands","3","v42169913","1.1.1.2.1","190015","","","","0"
"1964-08","Canada","2016A000011124","Total, new motor vehicles","Total, country of manufacture","Dollars","Unadjusted","Dollars","81","thousands","3","v42169913","1.1.1.2.1","139231","","","","0"
"1964-09","Canada","2016A000011124","Total, new motor vehicles","Total, country of manufacture","Dollars","Unadjusted","Dollars","81","thousands","3","v42169913","1.1.1.2.1","144514","","","","0"
"1964-10","Canada","2016A000011124","Total, new motor vehicles","Total, country of manufacture","Dollars","Unadjusted","Dollars","81","thousands","3","v42169913","1.1.1.2.1","197896","","","","0"
"1964-11","Canada","2016A000011124","Total, new motor vehicles","Total, country of manufacture","Dollars","Unadjusted","Dollars","81","thousands","3","v42169913","1.1.1.2.1","179470","","","","0"
"1964-12","Canada","2016A000011124","Total, new motor vehicles","Total, country of manufacture","Dollars","Unadjusted","Dollars","81","thousands","3","v42169913","1.1.1.2.1","154865","","","","0"
"1965-01","Canada","2016A000011124","Total, new motor vehicles","Total, country of manufacture","Dollars","Unadjusted","Dollars","81","thousands","3","v42169913","1.1.1.2.1","171132","","","","0"
"1965-02","Canada","2016A000011124","Total, new motor vehicles","Total, country of manufacture","Dollars","Unadjusted","Dollars","81","thousands","3","v42169913","1.1.1.2.1","178737","","","","0"
"1965-03","Canada","2016A000011124","Total, new motor vehicles","Total, country of manufacture","Dollars","Unadjusted","Dollars","81","thousands","3","v42169913","1.1.1.2.1","251435","","","","0"
"1965-04","Canada","2016A000011124","Total, new motor vehicles","Total, country of manufacture","Dollars","Unadjusted","Dollars","81","thousands","3","v42169913","1.1.1.2.1","288616","","","","0"
"1965-05","Canada","2016A000011124","Total, new motor vehicles","Total, country of manufacture","Dollars","Unadjusted","Dollars","81","thousands","3","v42169913","1.1.1.2.1","294183","","","","0"
"1965-06","Canada","2016A000011124","Total, new motor vehicles","Total, country of manufacture","Dollars","Unadjusted","Dollars","81","thousands","3","v42169913","1.1.1.2.1","284237","","","","0"
"1965-07","Canada","2016A000011124","Total, new motor vehicles","Total, country of manufacture","Dollars","Unadjusted","Dollars","81","thousands","3","v42169913","1.1.1.2.1","214519","","","","0"
"1965-08","Canada","2016A000011124","Total, new motor vehicles","Total, country of manufacture","Dollars","Unadjusted","Dollars","81","thousands","3","v42169913","1.1.1.2.1","186539","","","","0"
"1965-09","Canada","2016A000011124","Total, new motor vehicles","Total, country of manufacture","Dollars","Unadjusted","Dollars","81","thousands","3","v42169913","1.1.1.2.1","142779","","","","0"
"1965-10","Canada","2016A000011124","Total, new motor vehicles","Total, country of manufacture","Dollars","Unadjusted","Dollars","81","thousands","3","v42169913","1.1.1.2.1","228804","","","","0"
"1965-11","Canada","2016A000011124","Total, new motor vehicles","Total, country of manufacture","Dollars","Unadjusted","Dollars","81","thousands","3","v42169913","1.1.1.2.1","254410","","","","0"
"1965-12","Canada","2016A000011124","Total, new motor vehicles","Total, country of manufacture","Dollars","Unadjusted","Dollars","81","thousands","3","v42169913","1.1.1.2.1","243938","","","","0"
"1966-01","Canada","2016A000011124","Total, new motor vehicles","Total, country of manufacture","Dollars","Unadjusted","Dollars","81","thousands","3","v42169913","1.1.1.2.1","196285","","","","0"
"1966-02","Canada","2016A000011124","Total, new motor vehicles","Total, country of manufacture","Dollars","Unadjusted","Dollars","81","thousands","3","v42169913","1.1.1.2.1","206228","","","","0"
"1966-03","Canada","2016A000011124","Total, new motor vehicles","Total, country of manufacture","Dollars","Unadjusted","Dollars","81","thousands","3","v42169913","1.1.1.2.1","323969","","","","0"
"1966-04","Canada","2016A000011124","Total, new motor vehicles","Total, country of manufacture","Dollars","Unadjusted","Dollars","81","thousands","3","v42169913","1.1.1.2.1","268718","","","","0"
"1966-05","Canada","2016A000011124","Total, new motor vehicles","Total, country of manufacture","Dollars","Unadjusted","Dollars","81","thousands","3","v42169913","1.1.1.2.1","257376","","","","0"
"1966-06","Canada","2016A000011124","Total, new motor vehicles","Total, country of manufacture","Dollars","Unadjusted","Dollars","81","thousands","3","v42169913","1.1.1.2.1","267288","","","","0"
"1966-07","Canada","2016A000011124","Total, new motor vehicles","Total, country of manufacture","Dollars","Unadjusted","Dollars","81","thousands","3","v42169913","1.1.1.2.1","205565","","","","0"
"1966-08","Canada","2016A000011124","Total, new motor vehicles","Total, country of manufacture","Dollars","Unadjusted","Dollars","81","thousands","3","v42169913","1.1.1.2.1","210085","","","","0"
"1966-09","Canada","2016A000011124","Total, new motor vehicles","Total, country of manufacture","Dollars","Unadjusted","Dollars","81","thousands","3","v42169913","1.1.1.2.1","178182","","","","0"
"1966-10","Canada","2016A000011124","Total, new motor vehicles","Total, country of manufacture","Dollars","Unadjusted","Dollars","81","thousands","3","v42169913","1.1.1.2.1","232026","","","","0"
"1966-11","Canada","2016A000011124","Total, new motor vehicles","Total, country of manufacture","Dollars","Unadjusted","Dollars","81","thousands","3","v42169913","1.1.1.2.1","243176","","","","0"
"1966-12","Canada","2016A000011124","Total, new motor vehicles","Total, country of manufacture","Dollars","Unadjusted","Dollars","81","thousands","3","v42169913","1.1.1.2.1","235693","","","","0"
"1967-01","Canada","2016A000011124","Total, new motor vehicles","Total, country of manufacture","Dollars","Unadjusted","Dollars","81","thousands","3","v42169913","1.1.1.2.1","188347","","","","0"
"1967-02","Canada","2016A000011124","Total, new motor vehicles","Total, country of manufacture","Dollars","Unadjusted","Dollars","81","thousands","3","v42169913","1.1.1.2.1","187814","","","","0"
"1967-03","Canada","2016A000011124","Total, new motor vehicles","Total, country of manufacture","Dollars","Unadjusted","Dollars","81","thousands","3","v42169913","1.1.1.2.1","280274","","","","0"
"1967-04","Canada","2016A000011124","Total, new motor vehicles","Total, country of manufacture","Dollars","Unadjusted","Dollars","81","thousands","3","v42169913","1.1.1.2.1","268366","","","","0"
"1967-05","Canada","2016A000011124","Total, new motor vehicles","Total, country of manufacture","Dollars","Unadjusted","Dollars","81","thousands","3","v42169913","1.1.1.2.1","333304","","","","0"
"1967-06","Canada","2016A000011124","Total, new motor vehicles","Total, country of manufacture","Dollars","Unadjusted","Dollars","81","thousands","3","v42169913","1.1.1.2.1","309820","","","","0"
"1967-07","Canada","2016A000011124","Total, new motor vehicles","Total, country of manufacture","Dollars","Unadjusted","Dollars","81","thousands","3","v42169913","1.1.1.2.1","195671","","","","0"
"1967-08","Canada","2016A000011124","Total, new motor vehicles","Total, country of manufacture","Dollars","Unadjusted","Dollars","81","thousands","3","v42169913","1.1.1.2.1","190084","","","","0"
"1967-09","Canada","2016A000011124","Total, new motor vehicles","Total, country of manufacture","Dollars","Unadjusted","Dollars","81","thousands","3","v42169913","1.1.1.2.1","181575","","","","0"
"1967-10","Canada","2016A000011124","Total, new motor vehicles","Total, country of manufacture","Dollars","Unadjusted","Dollars","81","thousands","3","v42169913","1.1.1.2.1","229939","","","","0"
"1967-11","Canada","2016A000011124","Total, new motor vehicles","Total, country of manufacture","Dollars","Unadjusted","Dollars","81","thousands","3","v42169913","1.1.1.2.1","223692","","","","0"
"1967-12","Canada","2016A000011124","Total, new motor vehicles","Total, country of manufacture","Dollars","Unadjusted","Dollars","81","thousands","3","v42169913","1.1.1.2.1","209480","","","","0"
"1968-01","Canada","2016A000011124","Total, new motor vehicles","Total, country of manufacture","Dollars","Unadjusted","Dollars","81","thousands","3","v42169913","1.1.1.2.1","209047","","","","0"
"1968-02","Canada","2016A000011124","Total, new motor vehicles","Total, country of manufacture","Dollars","Unadjusted","Dollars","81","thousands","3","v42169913","1.1.1.2.1","213980","","","","0"
"1968-03","Canada","2016A000011124","Total, new motor vehicles","Total, country of manufacture","Dollars","Unadjusted","Dollars","81","thousands","3","v42169913","1.1.1.2.1","283693","","","","0"
"1968-04","Canada","2016A000011124","Total, new motor vehicles","Total, country of manufacture","Dollars","Unadjusted","Dollars","81","thousands","3","v42169913","1.1.1.2.1","274701","","","","0"
"1968-05","Canada","2016A000011124","Total, new motor vehicles","Total, country of manufacture","Dollars","Unadjusted","Dollars","81","thousands","3","v42169913","1.1.1.2.1","337345","","","","0"
"1968-06","Canada","2016A000011124","Total, new motor vehicles","Total, country of manufacture","Dollars","Unadjusted","Dollars","81","thousands","3","v42169913","1.1.1.2.1","295103","","","","0"
"1968-07","Canada","2016A000011124","Total, new motor vehicles","Total, country of manufacture","Dollars","Unadjusted","Dollars","81","thousands","3","v42169913","1.1.1.2.1","257824","","","","0"
"1968-08","Canada","2016A000011124","Total, new motor vehicles","Total, country of manufacture","Dollars","Unadjusted","Dollars","81","thousands","3","v42169913","1.1.1.2.1","224387","","","","0"
"1968-09","Canada","2016A000011124","Total, new motor vehicles","Total, country of manufacture","Dollars","Unadjusted","Dollars","81","thousands","3","v42169913","1.1.1.2.1","197146","","","","0"
"1968-10","Canada","2016A000011124","Total, new motor vehicles","Total, country of manufacture","Dollars","Unadjusted","Dollars","81","thousands","3","v42169913","1.1.1.2.1","305942","","","","0"
"1968-11","Canada","2016A000011124","Total, new motor vehicles","Total, country of manufacture","Dollars","Unadjusted","Dollars","81","thousands","3","v42169913","1.1.1.2.1","270435","","","","0"
"1968-12","Canada","2016A000011124","Total, new motor vehicles","Total, country of manufacture","Dollars","Unadjusted","Dollars","81","thousands","3","v42169913","1.1.1.2.1","246186","","","","0"
"1969-01","Canada","2016A000011124","Total, new motor vehicles","Total, country of manufacture","Dollars","Unadjusted","Dollars","81","thousands","3","v42169913","1.1.1.2.1","226767","","","","0"
"1969-02","Canada","2016A000011124","Total, new motor vehicles","Total, country of manufacture","Dollars","Unadjusted","Dollars","81","thousands","3","v42169913","1.1.1.2.1","254431","","","","0"
"1969-03","Canada","2016A000011124","Total, new motor vehicles","Total, country of manufacture","Dollars","Unadjusted","Dollars","81","thousands","3","v42169913","1.1.1.2.1","316694","","","","0"
"1969-04","Canada","2016A000011124","Total, new motor vehicles","Total, country of manufacture","Dollars","Unadjusted","Dollars","81","thousands","3","v42169913","1.1.1.2.1","339310","","","","0"
"1969-05","Canada","2016A000011124","Total, new motor vehicles","Total, country of manufacture","Dollars","Unadjusted","Dollars","81","thousands","3","v42169913","1.1.1.2.1","339274","","","","0"
"1969-06","Canada","2016A000011124","Total, new motor vehicles","Total, country of manufacture","Dollars","Unadjusted","Dollars","81","thousands","3","v42169913","1.1.1.2.1","319481","","","","0"
"1969-07","Canada","2016A000011124","Total, new motor vehicles","Total, country of manufacture","Dollars","Unadjusted","Dollars","81","thousands","3","v42169913","1.1.1.2.1","249978","","","","0"
"1969-08","Canada","2016A000011124","Total, new motor vehicles","Total, country of manufacture","Dollars","Unadjusted","Dollars","81","thousands","3","v42169913","1.1.1.2.1","197795","","","","0"
"1969-09","Canada","2016A000011124","Total, new motor vehicles","Total, country of manufacture","Dollars","Unadjusted","Dollars","81","thousands","3","v42169913","1.1.1.2.1","264272","","","","0"
"1969-10","Canada","2016A000011124","Total, new motor vehicles","Total, country of manufacture","Dollars","Unadjusted","Dollars","81","thousands","3","v42169913","1.1.1.2.1","309598","","","","0"
"1969-11","Canada","2016A000011124","Total, new motor vehicles","Total, country of manufacture","Dollars","Unadjusted","Dollars","81","thousands","3","v42169913","1.1.1.2.1","278919","","","","0"
"1969-12","Canada","2016A000011124","Total, new motor vehicles","Total, country of manufacture","Dollars","Unadjusted","Dollars","81","thousands","3","v42169913","1.1.1.2.1","226360","","","","0"
"1970-01","Canada","2016A000011124","Total, new motor vehicles","Total, country of manufacture","Dollars","Unadjusted","Dollars","81","thousands","3","v42169913","1.1.1.2.1","183331","","","","0"
"1970-02","Canada","2016A000011124","Total, new motor vehicles","Total, country of manufacture","Dollars","Unadjusted","Dollars","81","thousands","3","v42169913","1.1.1.2.1","188936","","","","0"
"1970-03","Canada","2016A000011124","Total, new motor vehicles","Total, country of manufacture","Dollars","Unadjusted","Dollars","81","thousands","3","v42169913","1.1.1.2.1","264384","","","","0"
"1970-04","Canada","2016A000011124","Total, new motor vehicles","Total, country of manufacture","Dollars","Unadjusted","Dollars","81","thousands","3","v42169913","1.1.1.2.1","288779","","","","0"
"1970-05","Canada","2016A000011124","Total, new motor vehicles","Total, country of manufacture","Dollars","Unadjusted","Dollars","81","thousands","3","v42169913","1.1.1.2.1","289895","","","","0"
"1970-06","Canada","2016A000011124","Total, new motor vehicles","Total, country of manufacture","Dollars","Unadjusted","Dollars","81","thousands","3","v42169913","1.1.1.2.1","305478","","","","0"
"1970-07","Canada","2016A000011124","Total, new motor vehicles","Total, country of manufacture","Dollars","Unadjusted","Dollars","81","thousands","3","v42169913","1.1.1.2.1","234446","","","","0"
"1970-08","Canada","2016A000011124","Total, new motor vehicles","Total, country of manufacture","Dollars","Unadjusted","Dollars","81","thousands","3","v42169913","1.1.1.2.1","188705","","","","0"
"1970-09","Canada","2016A000011124","Total, new motor vehicles","Total, country of manufacture","Dollars","Unadjusted","Dollars","81","thousands","3","v42169913","1.1.1.2.1","211277","","","","0"
"1970-10","Canada","2016A000011124","Total, new motor vehicles","Total, country of manufacture","Dollars","Unadjusted","Dollars","81","thousands","3","v42169913","1.1.1.2.1","283451","","","","0"
"1970-11","Canada","2016A000011124","Total, new motor vehicles","Total, country of manufacture","Dollars","Unadjusted","Dollars","81","thousands","3","v42169913","1.1.1.2.1","205479","","","","0"
"1970-12","Canada","2016A000011124","Total, new motor vehicles","Total, country of manufacture","Dollars","Unadjusted","Dollars","81","thousands","3","v42169913","1.1.1.2.1","168169","","","","0"
"1971-01","Canada","2016A000011124","Total, new motor vehicles","Total, country of manufacture","Dollars","Unadjusted","Dollars","81","thousands","3","v42169913","1.1.1.2.1","153062","","","","0"
"1971-02","Canada","2016A000011124","Total, new motor vehicles","Total, country of manufacture","Dollars","Unadjusted","Dollars","81","thousands","3","v42169913","1.1.1.2.1","205214","","","","0"
"1971-03","Canada","2016A000011124","Total, new motor vehicles","Total, country of manufacture","Dollars","Unadjusted","Dollars","81","thousands","3","v42169913","1.1.1.2.1","316591","","","","0"
"1971-04","Canada","2016A000011124","Total, new motor vehicles","Total, country of manufacture","Dollars","Unadjusted","Dollars","81","thousands","3","v42169913","1.1.1.2.1","365544","","","","0"
"1971-05","Canada","2016A000011124","Total, new motor vehicles","Total, country of manufacture","Dollars","Unadjusted","Dollars","81","thousands","3","v42169913","1.1.1.2.1","381388","","","","0"
"1971-06","Canada","2016A000011124","Total, new motor vehicles","Total, country of manufacture","Dollars","Unadjusted","Dollars","81","thousands","3","v42169913","1.1.1.2.1","359354","","","","0"
"1971-07","Canada","2016A000011124","Total, new motor vehicles","Total, country of manufacture","Dollars","Unadjusted","Dollars","81","thousands","3","v42169913","1.1.1.2.1","273128","","","","0"
"1971-08","Canada","2016A000011124","Total, new motor vehicles","Total, country of manufacture","Dollars","Unadjusted","Dollars","81","thousands","3","v42169913","1.1.1.2.1","219354","","","","0"
"1971-09","Canada","2016A000011124","Total, new motor vehicles","Total, country of manufacture","Dollars","Unadjusted","Dollars","81","thousands","3","v42169913","1.1.1.2.1","297968","","","","0"
"1971-10","Canada","2016A000011124","Total, new motor vehicles","Total, country of manufacture","Dollars","Unadjusted","Dollars","81","thousands","3","v42169913","1.1.1.2.1","374645","","","","0"
"1971-11","Canada","2016A000011124","Total, new motor vehicles","Total, country of manufacture","Dollars","Unadjusted","Dollars","81","thousands","3","v42169913","1.1.1.2.1","330785","","","","0"
"1971-12","Canada","2016A000011124","Total, new motor vehicles","Total, country of manufacture","Dollars","Unadjusted","Dollars","81","thousands","3","v42169913","1.1.1.2.1","276018","","","","0"
"1972-01","Canada","2016A000011124","Total, new motor vehicles","Total, country of manufacture","Dollars","Unadjusted","Dollars","81","thousands","3","v42169913","1.1.1.2.1","232850","","","","0"
"1972-02","Canada","2016A000011124","Total, new motor vehicles","Total, country of manufacture","Dollars","Unadjusted","Dollars","81","thousands","3","v42169913","1.1.1.2.1","271410","","","","0"
"1972-03","Canada","2016A000011124","Total, new motor vehicles","Total, country of manufacture","Dollars","Unadjusted","Dollars","81","thousands","3","v42169913","1.1.1.2.1","369016","","","","0"
"1972-04","Canada","2016A000011124","Total, new motor vehicles","Total, country of manufacture","Dollars","Unadjusted","Dollars","81","thousands","3","v42169913","1.1.1.2.1","383121","","","","0"
"1972-05","Canada","2016A000011124","Total, new motor vehicles","Total, country of manufacture","Dollars","Unadjusted","Dollars","81","thousands","3","v42169913","1.1.1.2.1","512031","","","","0"
"1972-06","Canada","2016A000011124","Total, new motor vehicles","Total, country of manufacture","Dollars","Unadjusted","Dollars","81","thousands","3","v42169913","1.1.1.2.1","451966","","","","0"
"1972-07","Canada","2016A000011124","Total, new motor vehicles","Total, country of manufacture","Dollars","Unadjusted","Dollars","81","thousands","3","v42169913","1.1.1.2.1","324903","","","","0"
"1972-08","Canada","2016A000011124","Total, new motor vehicles","Total, country of manufacture","Dollars","Unadjusted","Dollars","81","thousands","3","v42169913","1.1.1.2.1","292663","","","","0"
"1972-09","Canada","2016A000011124","Total, new motor vehicles","Total, country of manufacture","Dollars","Unadjusted","Dollars","81","thousands","3","v42169913","1.1.1.2.1","307104","","","","0"
"1972-10","Canada","2016A000011124","Total, new motor vehicles","Total, country of manufacture","Dollars","Unadjusted","Dollars","81","thousands","3","v42169913","1.1.1.2.1","453885","","","","0"
"1972-11","Canada","2016A000011124","Total, new motor vehicles","Total, country of manufacture","Dollars","Unadjusted","Dollars","81","thousands","3","v42169913","1.1.1.2.1","401762","","","","0"
"1972-12","Canada","2016A000011124","Total, new motor vehicles","Total, country of manufacture","Dollars","Unadjusted","Dollars","81","thousands","3","v42169913","1.1.1.2.1","312348","","","","0"
"1973-01","Canada","2016A000011124","Total, new motor vehicles","Total, country of manufacture","Dollars","Unadjusted","Dollars","81","thousands","3","v42169913","1.1.1.2.1","322342","","","","0"
"1973-02","Canada","2016A000011124","Total, new motor vehicles","Total, country of manufacture","Dollars","Unadjusted","Dollars","81","thousands","3","v42169913","1.1.1.2.1","366535","","","","0"
"1973-03","Canada","2016A000011124","Total, new motor vehicles","Total, country of manufacture","Dollars","Unadjusted","Dollars","81","thousands","3","v42169913","1.1.1.2.1","568805","","","","0"
"1973-04","Canada","2016A000011124","Total, new motor vehicles","Total, country of manufacture","Dollars","Unadjusted","Dollars","81","thousands","3","v42169913","1.1.1.2.1","554044","","","","0"
"1973-05","Canada","2016A000011124","Total, new motor vehicles","Total, country of manufacture","Dollars","Unadjusted","Dollars","81","thousands","3","v42169913","1.1.1.2.1","554222","","","","0"
"1973-06","Canada","2016A000011124","Total, new motor vehicles","Total, country of manufacture","Dollars","Unadjusted","Dollars","81","thousands","3","v42169913","1.1.1.2.1","550892","","","","0"
"1973-07","Canada","2016A000011124","Total, new motor vehicles","Total, country of manufacture","Dollars","Unadjusted","Dollars","81","thousands","3","v42169913","1.1.1.2.1","382970","","","","0"
"1973-08","Canada","2016A000011124","Total, new motor vehicles","Total, country of manufacture","Dollars","Unadjusted","Dollars","81","thousands","3","v42169913","1.1.1.2.1","381922","","","","0"
"1973-09","Canada","2016A000011124","Total, new motor vehicles","Total, country of manufacture","Dollars","Unadjusted","Dollars","81","thousands","3","v42169913","1.1.1.2.1","367073","","","","0"
"1973-10","Canada","2016A000011124","Total, new motor vehicles","Total, country of manufacture","Dollars","Unadjusted","Dollars","81","thousands","3","v42169913","1.1.1.2.1","523759","","","","0"
"1973-11","Canada","2016A000011124","Total, new motor vehicles","Total, country of manufacture","Dollars","Unadjusted","Dollars","81","thousands","3","v42169913","1.1.1.2.1","458179","","","","0"
"1973-12","Canada","2016A000011124","Total, new motor vehicles","Total, country of manufacture","Dollars","Unadjusted","Dollars","81","thousands","3","v42169913","1.1.1.2.1","339631","","","","0"
"1974-01","Canada","2016A000011124","Total, new motor vehicles","Total, country of manufacture","Dollars","Unadjusted","Dollars","81","thousands","3","v42169913","1.1.1.2.1","405002","","","","0"
"1974-02","Canada","2016A000011124","Total, new motor vehicles","Total, country of manufacture","Dollars","Unadjusted","Dollars","81","thousands","3","v42169913","1.1.1.2.1","423620","","","","0"
"1974-03","Canada","2016A000011124","Total, new motor vehicles","Total, country of manufacture","Dollars","Unadjusted","Dollars","81","thousands","3","v42169913","1.1.1.2.1","498786","","","","0"
"1974-04","Canada","2016A000011124","Total, new motor vehicles","Total, country of manufacture","Dollars","Unadjusted","Dollars","81","thousands","3","v42169913","1.1.1.2.1","581825","","","","0"
"1974-05","Canada","2016A000011124","Total, new motor vehicles","Total, country of manufacture","Dollars","Unadjusted","Dollars","81","thousands","3","v42169913","1.1.1.2.1","701937","","","","0"
"1974-06","Canada","2016A000011124","Total, new motor vehicles","Total, country of manufacture","Dollars","Unadjusted","Dollars","81","thousands","3","v42169913","1.1.1.2.1","592245","","","","0"
"1974-07","Canada","2016A000011124","Total, new motor vehicles","Total, country of manufacture","Dollars","Unadjusted","Dollars","81","thousands","3","v42169913","1.1.1.2.1","529880","","","","0"
"1974-08","Canada","2016A000011124","Total, new motor vehicles","Total, country of manufacture","Dollars","Unadjusted","Dollars","81","thousands","3","v42169913","1.1.1.2.1","495023","","","","0"
"1974-09","Canada","2016A000011124","Total, new motor vehicles","Total, country of manufacture","Dollars","Unadjusted","Dollars","81","thousands","3","v42169913","1.1.1.2.1","407736","","","","0"
"1974-10","Canada","2016A000011124","Total, new motor vehicles","Total, country of manufacture","Dollars","Unadjusted","Dollars","81","thousands","3","v42169913","1.1.1.2.1","523639","","","","0"
"1974-11","Canada","2016A000011124","Total, new motor vehicles","Total, country of manufacture","Dollars","Unadjusted","Dollars","81","thousands","3","v42169913","1.1.1.2.1","408324","","","","0"
"1974-12","Canada","2016A000011124","Total, new motor vehicles","Total, country of manufacture","Dollars","Unadjusted","Dollars","81","thousands","3","v42169913","1.1.1.2.1","348968","","","","0"
"1975-01","Canada","2016A000011124","Total, new motor vehicles","Total, country of manufacture","Dollars","Unadjusted","Dollars","81","thousands","3","v42169913","1.1.1.2.1","371997","","","","0"
"1975-02","Canada","2016A000011124","Total, new motor vehicles","Total, country of manufacture","Dollars","Unadjusted","Dollars","81","thousands","3","v42169913","1.1.1.2.1","480243","","","","0"
"1975-03","Canada","2016A000011124","Total, new motor vehicles","Total, country of manufacture","Dollars","Unadjusted","Dollars","81","thousands","3","v42169913","1.1.1.2.1","545762","","","","0"
"1975-04","Canada","2016A000011124","Total, new motor vehicles","Total, country of manufacture","Dollars","Unadjusted","Dollars","81","thousands","3","v42169913","1.1.1.2.1","655550","","","","0"
"1975-05","Canada","2016A000011124","Total, new motor vehicles","Total, country of manufacture","Dollars","Unadjusted","Dollars","81","thousands","3","v42169913","1.1.1.2.1","714015","","","","0"
"1975-06","Canada","2016A000011124","Total, new motor vehicles","Total, country of manufacture","Dollars","Unadjusted","Dollars","81","thousands","3","v42169913","1.1.1.2.1","741305","","","","0"
"1975-07","Canada","2016A000011124","Total, new motor vehicles","Total, country of manufacture","Dollars","Unadjusted","Dollars","81","thousands","3","v42169913","1.1.1.2.1","623215","","","","0"
"1975-08","Canada","2016A000011124","Total, new motor vehicles","Total, country of manufacture","Dollars","Unadjusted","Dollars","81","thousands","3","v42169913","1.1.1.2.1","557131","","","","0"
"1975-09","Canada","2016A000011124","Total, new motor vehicles","Total, country of manufacture","Dollars","Unadjusted","Dollars","81","thousands","3","v42169913","1.1.1.2.1","506181","","","","0"
"1975-10","Canada","2016A000011124","Total, new motor vehicles","Total, country of manufacture","Dollars","Unadjusted","Dollars","81","thousands","3","v42169913","1.1.1.2.1","765010","","","","0"
"1975-11","Canada","2016A000011124","Total, new motor vehicles","Total, country of manufacture","Dollars","Unadjusted","Dollars","81","thousands","3","v42169913","1.1.1.2.1","649542","","","","0"
"1975-12","Canada","2016A000011124","Total, new motor vehicles","Total, country of manufacture","Dollars","Unadjusted","Dollars","81","thousands","3","v42169913","1.1.1.2.1","651057","","","","0"
"1976-01","Canada","2016A000011124","Total, new motor vehicles","Total, country of manufacture","Dollars","Unadjusted","Dollars","81","thousands","3","v42169913","1.1.1.2.1","420554","","","","0"
"1976-02","Canada","2016A000011124","Total, new motor vehicles","Total, country of manufacture","Dollars","Unadjusted","Dollars","81","thousands","3","v42169913","1.1.1.2.1","503246","","","","0"
"1976-03","Canada","2016A000011124","Total, new motor vehicles","Total, country of manufacture","Dollars","Unadjusted","Dollars","81","thousands","3","v42169913","1.1.1.2.1","686400","","","","0"
"1976-04","Canada","2016A000011124","Total, new motor vehicles","Total, country of manufacture","Dollars","Unadjusted","Dollars","81","thousands","3","v42169913","1.1.1.2.1","795913","","","","0"
"1976-05","Canada","2016A000011124","Total, new motor vehicles","Total, country of manufacture","Dollars","Unadjusted","Dollars","81","thousands","3","v42169913","1.1.1.2.1","820201","","","","0"
"1976-06","Canada","2016A000011124","Total, new motor vehicles","Total, country of manufacture","Dollars","Unadjusted","Dollars","81","thousands","3","v42169913","1.1.1.2.1","832160","","","","0"
"1976-07","Canada","2016A000011124","Total, new motor vehicles","Total, country of manufacture","Dollars","Unadjusted","Dollars","81","thousands","3","v42169913","1.1.1.2.1","634717","","","","0"
"1976-08","Canada","2016A000011124","Total, new motor vehicles","Total, country of manufacture","Dollars","Unadjusted","Dollars","81","thousands","3","v42169913","1.1.1.2.1","568959","","","","0"
"1976-09","Canada","2016A000011124","Total, new motor vehicles","Total, country of manufacture","Dollars","Unadjusted","Dollars","81","thousands","3","v42169913","1.1.1.2.1","437967","","","","0"
"1976-10","Canada","2016A000011124","Total, new motor vehicles","Total, country of manufacture","Dollars","Unadjusted","Dollars","81","thousands","3","v42169913","1.1.1.2.1","844207","","","","0"
"1976-11","Canada","2016A000011124","Total, new motor vehicles","Total, country of manufacture","Dollars","Unadjusted","Dollars","81","thousands","3","v42169913","1.1.1.2.1","626712","","","","0"
"1976-12","Canada","2016A000011124","Total, new motor vehicles","Total, country of manufacture","Dollars","Unadjusted","Dollars","81","thousands","3","v42169913","1.1.1.2.1","583052","","","","0"
"1977-01","Canada","2016A000011124","Total, new motor vehicles","Total, country of manufacture","Dollars","Unadjusted","Dollars","81","thousands","3","v42169913","1.1.1.2.1","598258","","","","0"
"1977-02","Canada","2016A000011124","Total, new motor vehicles","Total, country of manufacture","Dollars","Unadjusted","Dollars","81","thousands","3","v42169913","1.1.1.2.1","609386","","","","0"
"1977-03","Canada","2016A000011124","Total, new motor vehicles","Total, country of manufacture","Dollars","Unadjusted","Dollars","81","thousands","3","v42169913","1.1.1.2.1","807531","","","","0"
"1977-04","Canada","2016A000011124","Total, new motor vehicles","Total, country of manufacture","Dollars","Unadjusted","Dollars","81","thousands","3","v42169913","1.1.1.2.1","788144","","","","0"
"1977-05","Canada","2016A000011124","Total, new motor vehicles","Total, country of manufacture","Dollars","Unadjusted","Dollars","81","thousands","3","v42169913","1.1.1.2.1","875594","","","","0"
"1977-06","Canada","2016A000011124","Total, new motor vehicles","Total, country of manufacture","Dollars","Unadjusted","Dollars","81","thousands","3","v42169913","1.1.1.2.1","854228","","","","0"
"1977-07","Canada","2016A000011124","Total, new motor vehicles","Total, country of manufacture","Dollars","Unadjusted","Dollars","81","thousands","3","v42169913","1.1.1.2.1","681548","","","","0"
"1977-08","Canada","2016A000011124","Total, new motor vehicles","Total, country of manufacture","Dollars","Unadjusted","Dollars","81","thousands","3","v42169913","1.1.1.2.1","684133","","","","0"
"1977-09","Canada","2016A000011124","Total, new motor vehicles","Total, country of manufacture","Dollars","Unadjusted","Dollars","81","thousands","3","v42169913","1.1.1.2.1","555836","","","","0"
"1977-10","Canada","2016A000011124","Total, new motor vehicles","Total, country of manufacture","Dollars","Unadjusted","Dollars","81","thousands","3","v42169913","1.1.1.2.1","847430","","","","0"
"1977-11","Canada","2016A000011124","Total, new motor vehicles","Total, country of manufacture","Dollars","Unadjusted","Dollars","81","thousands","3","v42169913","1.1.1.2.1","704168","","","","0"
"1977-12","Canada","2016A000011124","Total, new motor vehicles","Total, country of manufacture","Dollars","Unadjusted","Dollars","81","thousands","3","v42169913","1.1.1.2.1","539637","","","","0"
"1978-01","Canada","2016A000011124","Total, new motor vehicles","Total, country of manufacture","Dollars","Unadjusted","Dollars","81","thousands","3","v42169913","1.1.1.2.1","575773","","","","0"
"1978-02","Canada","2016A000011124","Total, new motor vehicles","Total, country of manufacture","Dollars","Unadjusted","Dollars","81","thousands","3","v42169913","1.1.1.2.1","660336","","","","0"
"1978-03","Canada","2016A000011124","Total, new motor vehicles","Total, country of manufacture","Dollars","Unadjusted","Dollars","81","thousands","3","v42169913","1.1.1.2.1","830586","","","","0"
"1978-04","Canada","2016A000011124","Total, new motor vehicles","Total, country of manufacture","Dollars","Unadjusted","Dollars","81","thousands","3","v42169913","1.1.1.2.1","931013","","","","0"
"1978-05","Canada","2016A000011124","Total, new motor vehicles","Total, country of manufacture","Dollars","Unadjusted","Dollars","81","thousands","3","v42169913","1.1.1.2.1","1042458","","","","0"
"1978-06","Canada","2016A000011124","Total, new motor vehicles","Total, country of manufacture","Dollars","Unadjusted","Dollars","81","thousands","3","v42169913","1.1.1.2.1","1027501","","","","0"
"1978-07","Canada","2016A000011124","Total, new motor vehicles","Total, country of manufacture","Dollars","Unadjusted","Dollars","81","thousands","3","v42169913","1.1.1.2.1","812087","","","","0"
"1978-08","Canada","2016A000011124","Total, new motor vehicles","Total, country of manufacture","Dollars","Unadjusted","Dollars","81","thousands","3","v42169913","1.1.1.2.1","761198","","","","0"
"1978-09","Canada","2016A000011124","Total, new motor vehicles","Total, country of manufacture","Dollars","Unadjusted","Dollars","81","thousands","3","v42169913","1.1.1.2.1","774534","","","","0"
"1978-10","Canada","2016A000011124","Total, new motor vehicles","Total, country of manufacture","Dollars","Unadjusted","Dollars","81","thousands","3","v42169913","1.1.1.2.1","925044","","","","0"
"1978-11","Canada","2016A000011124","Total, new motor vehicles","Total, country of manufacture","Dollars","Unadjusted","Dollars","81","thousands","3","v42169913","1.1.1.2.1","727857","","","","0"
"1978-12","Canada","2016A000011124","Total, new motor vehicles","Total, country of manufacture","Dollars","Unadjusted","Dollars","81","thousands","3","v42169913","1.1.1.2.1","581139","","","","0"
"1979-01","Canada","2016A000011124","Total, new motor vehicles","Total, country of manufacture","Dollars","Unadjusted","Dollars","81","thousands","3","v42169913","1.1.1.2.1","675053","","","","0"
"1979-02","Canada","2016A000011124","Total, new motor vehicles","Total, country of manufacture","Dollars","Unadjusted","Dollars","81","thousands","3","v42169913","1.1.1.2.1","796882","","","","0"
"1979-03","Canada","2016A000011124","Total, new motor vehicles","Total, country of manufacture","Dollars","Unadjusted","Dollars","81","thousands","3","v42169913","1.1.1.2.1","1097470","","","","0"
"1979-04","Canada","2016A000011124","Total, new motor vehicles","Total, country of manufacture","Dollars","Unadjusted","Dollars","81","thousands","3","v42169913","1.1.1.2.1","1053106","","","","0"
"1979-05","Canada","2016A000011124","Total, new motor vehicles","Total, country of manufacture","Dollars","Unadjusted","Dollars","81","thousands","3","v42169913","1.1.1.2.1","1213227","","","","0"
"1979-06","Canada","2016A000011124","Total, new motor vehicles","Total, country of manufacture","Dollars","Unadjusted","Dollars","81","thousands","3","v42169913","1.1.1.2.1","1161160","","","","0"
"1979-07","Canada","2016A000011124","Total, new motor vehicles","Total, country of manufacture","Dollars","Unadjusted","Dollars","81","thousands","3","v42169913","1.1.1.2.1","1070845","","","","0"
"1979-08","Canada","2016A000011124","Total, new motor vehicles","Total, country of manufacture","Dollars","Unadjusted","Dollars","81","thousands","3","v42169913","1.1.1.2.1","869164","","","","0"
"1979-09","Canada","2016A000011124","Total, new motor vehicles","Total, country of manufacture","Dollars","Unadjusted","Dollars","81","thousands","3","v42169913","1.1.1.2.1","830222","","","","0"
"1979-10","Canada","2016A000011124","Total, new motor vehicles","Total, country of manufacture","Dollars","Unadjusted","Dollars","81","thousands","3","v42169913","1.1.1.2.1","1145045","","","","0"
"1979-11","Canada","2016A000011124","Total, new motor vehicles","Total, country of manufacture","Dollars","Unadjusted","Dollars","81","thousands","3","v42169913","1.1.1.2.1","876048","","","","0"
"1979-12","Canada","2016A000011124","Total, new motor vehicles","Total, country of manufacture","Dollars","Unadjusted","Dollars","81","thousands","3","v42169913","1.1.1.2.1","693760","","","","0"
"1980-01","Canada","2016A000011124","Total, new motor vehicles","Total, country of manufacture","Dollars","Unadjusted","Dollars","81","thousands","3","v42169913","1.1.1.2.1","768414","","","","0"
"1980-02","Canada","2016A000011124","Total, new motor vehicles","Total, country of manufacture","Dollars","Unadjusted","Dollars","81","thousands","3","v42169913","1.1.1.2.1","885916","","","","0"
"1980-03","Canada","2016A000011124","Total, new motor vehicles","Total, country of manufacture","Dollars","Unadjusted","Dollars","81","thousands","3","v42169913","1.1.1.2.1","1083029","","","","0"
"1980-04","Canada","2016A000011124","Total, new motor vehicles","Total, country of manufacture","Dollars","Unadjusted","Dollars","81","thousands","3","v42169913","1.1.1.2.1","1116821","","","","0"
"1980-05","Canada","2016A000011124","Total, new motor vehicles","Total, country of manufacture","Dollars","Unadjusted","Dollars","81","thousands","3","v42169913","1.1.1.2.1","1009042","","","","0"
"1980-06","Canada","2016A000011124","Total, new motor vehicles","Total, country of manufacture","Dollars","Unadjusted","Dollars","81","thousands","3","v42169913","1.1.1.2.1","1005136","","","","0"
"1980-07","Canada","2016A000011124","Total, new motor vehicles","Total, country of manufacture","Dollars","Unadjusted","Dollars","81","thousands","3","v42169913","1.1.1.2.1","1003537","","","","0"
"1980-08","Canada","2016A000011124","Total, new motor vehicles","Total, country of manufacture","Dollars","Unadjusted","Dollars","81","thousands","3","v42169913","1.1.1.2.1","912937","","","","0"
"1980-09","Canada","2016A000011124","Total, new motor vehicles","Total, country of manufacture","Dollars","Unadjusted","Dollars","81","thousands","3","v42169913","1.1.1.2.1","846855","","","","0"
"1980-10","Canada","2016A000011124","Total, new motor vehicles","Total, country of manufacture","Dollars","Unadjusted","Dollars","81","thousands","3","v42169913","1.1.1.2.1","1134927","","","","0"
"1980-11","Canada","2016A000011124","Total, new motor vehicles","Total, country of manufacture","Dollars","Unadjusted","Dollars","81","thousands","3","v42169913","1.1.1.2.1","882178","","","","0"
"1980-12","Canada","2016A000011124","Total, new motor vehicles","Total, country of manufacture","Dollars","Unadjusted","Dollars","81","thousands","3","v42169913","1.1.1.2.1","729812","","","","0"
"1981-01","Canada","2016A000011124","Total, new motor vehicles","Total, country of manufacture","Dollars","Unadjusted","Dollars","81","thousands","3","v42169913","1.1.1.2.1","772176","","","","0"
"1981-02","Canada","2016A000011124","Total, new motor vehicles","Total, country of manufacture","Dollars","Unadjusted","Dollars","81","thousands","3","v42169913","1.1.1.2.1","856473","","","","0"
"1981-03","Canada","2016A000011124","Total, new motor vehicles","Total, country of manufacture","Dollars","Unadjusted","Dollars","81","thousands","3","v42169913","1.1.1.2.1","1214141","","","","0"
"1981-04","Canada","2016A000011124","Total, new motor vehicles","Total, country of manufacture","Dollars","Unadjusted","Dollars","81","thousands","3","v42169913","1.1.1.2.1","1312656","","","","0"
"1981-05","Canada","2016A000011124","Total, new motor vehicles","Total, country of manufacture","Dollars","Unadjusted","Dollars","81","thousands","3","v42169913","1.1.1.2.1","1207138","","","","0"
"1981-06","Canada","2016A000011124","Total, new motor vehicles","Total, country of manufacture","Dollars","Unadjusted","Dollars","81","thousands","3","v42169913","1.1.1.2.1","1194488","","","","0"
"1981-07","Canada","2016A000011124","Total, new motor vehicles","Total, country of manufacture","Dollars","Unadjusted","Dollars","81","thousands","3","v42169913","1.1.1.2.1","967396","","","","0"
"1981-08","Canada","2016A000011124","Total, new motor vehicles","Total, country of manufacture","Dollars","Unadjusted","Dollars","81","thousands","3","v42169913","1.1.1.2.1","851933","","","","0"
"1981-09","Canada","2016A000011124","Total, new motor vehicles","Total, country of manufacture","Dollars","Unadjusted","Dollars","81","thousands","3","v42169913","1.1.1.2.1","877823","","","","0"
"1981-10","Canada","2016A000011124","Total, new motor vehicles","Total, country of manufacture","Dollars","Unadjusted","Dollars","81","thousands","3","v42169913","1.1.1.2.1","903222","","","","0"
"1981-11","Canada","2016A000011124","Total, new motor vehicles","Total, country of manufacture","Dollars","Unadjusted","Dollars","81","thousands","3","v42169913","1.1.1.2.1","1066638","","","","0"
"1981-12","Canada","2016A000011124","Total, new motor vehicles","Total, country of manufacture","Dollars","Unadjusted","Dollars","81","thousands","3","v42169913","1.1.1.2.1","694311","","","","0"
"1982-01","Canada","2016A000011124","Total, new motor vehicles","Total, country of manufacture","Dollars","Unadjusted","Dollars","81","thousands","3","v42169913","1.1.1.2.1","583665","","","","0"
"1982-02","Canada","2016A000011124","Total, new motor vehicles","Total, country of manufacture","Dollars","Unadjusted","Dollars","81","thousands","3","v42169913","1.1.1.2.1","746980","","","","0"
"1982-03","Canada","2016A000011124","Total, new motor vehicles","Total, country of manufacture","Dollars","Unadjusted","Dollars","81","thousands","3","v42169913","1.1.1.2.1","941897","","","","0"
"1982-04","Canada","2016A000011124","Total, new motor vehicles","Total, country of manufacture","Dollars","Unadjusted","Dollars","81","thousands","3","v42169913","1.1.1.2.1","999456","","","","0"
"1982-05","Canada","2016A000011124","Total, new motor vehicles","Total, country of manufacture","Dollars","Unadjusted","Dollars","81","thousands","3","v42169913","1.1.1.2.1","1011831","","","","0"
"1982-06","Canada","2016A000011124","Total, new motor vehicles","Total, country of manufacture","Dollars","Unadjusted","Dollars","81","thousands","3","v42169913","1.1.1.2.1","1093600","","","","0"
"1982-07","Canada","2016A000011124","Total, new motor vehicles","Total, country of manufacture","Dollars","Unadjusted","Dollars","81","thousands","3","v42169913","1.1.1.2.1","679446","","","","0"
"1982-08","Canada","2016A000011124","Total, new motor vehicles","Total, country of manufacture","Dollars","Unadjusted","Dollars","81","thousands","3","v42169913","1.1.1.2.1","752619","","","","0"
"1982-09","Canada","2016A000011124","Total, new motor vehicles","Total, country of manufacture","Dollars","Unadjusted","Dollars","81","thousands","3","v42169913","1.1.1.2.1","786239","","","","0"
"1982-10","Canada","2016A000011124","Total, new motor vehicles","Total, country of manufacture","Dollars","Unadjusted","Dollars","81","thousands","3","v42169913","1.1.1.2.1","733560","","","","0"
"1982-11","Canada","2016A000011124","Total, new motor vehicles","Total, country of manufacture","Dollars","Unadjusted","Dollars","81","thousands","3","v42169913","1.1.1.2.1","765224","","","","0"
"1982-12","Canada","2016A000011124","Total, new motor vehicles","Total, country of manufacture","Dollars","Unadjusted","Dollars","81","thousands","3","v42169913","1.1.1.2.1","729454","","","","0"
"1983-01","Canada","2016A000011124","Total, new motor vehicles","Total, country of manufacture","Dollars","Unadjusted","Dollars","81","thousands","3","v42169913","1.1.1.2.1","580247","","","","0"
"1983-02","Canada","2016A000011124","Total, new motor vehicles","Total, country of manufacture","Dollars","Unadjusted","Dollars","81","thousands","3","v42169913","1.1.1.2.1","680991","","","","0"
"1983-03","Canada","2016A000011124","Total, new motor vehicles","Total, country of manufacture","Dollars","Unadjusted","Dollars","81","thousands","3","v42169913","1.1.1.2.1","1138305","","","","0"
"1983-04","Canada","2016A000011124","Total, new motor vehicles","Total, country of manufacture","Dollars","Unadjusted","Dollars","81","thousands","3","v42169913","1.1.1.2.1","1244840","","","","0"
"1983-05","Canada","2016A000011124","Total, new motor vehicles","Total, country of manufacture","Dollars","Unadjusted","Dollars","81","thousands","3","v42169913","1.1.1.2.1","1187227","","","","0"
"1983-06","Canada","2016A000011124","Total, new motor vehicles","Total, country of manufacture","Dollars","Unadjusted","Dollars","81","thousands","3","v42169913","1.1.1.2.1","1251451","","","","0"
"1983-07","Canada","2016A000011124","Total, new motor vehicles","Total, country of manufacture","Dollars","Unadjusted","Dollars","81","thousands","3","v42169913","1.1.1.2.1","941425","","","","0"
"1983-08","Canada","2016A000011124","Total, new motor vehicles","Total, country of manufacture","Dollars","Unadjusted","Dollars","81","thousands","3","v42169913","1.1.1.2.1","1002558","","","","0"
"1983-09","Canada","2016A000011124","Total, new motor vehicles","Total, country of manufacture","Dollars","Unadjusted","Dollars","81","thousands","3","v42169913","1.1.1.2.1","906721","","","","0"
"1983-10","Canada","2016A000011124","Total, new motor vehicles","Total, country of manufacture","Dollars","Unadjusted","Dollars","81","thousands","3","v42169913","1.1.1.2.1","1164248","","","","0"
"1983-11","Canada","2016A000011124","Total, new motor vehicles","Total, country of manufacture","Dollars","Unadjusted","Dollars","81","thousands","3","v42169913","1.1.1.2.1","1199996","","","","0"
"1983-12","Canada","2016A000011124","Total, new motor vehicles","Total, country of manufacture","Dollars","Unadjusted","Dollars","81","thousands","3","v42169913","1.1.1.2.1","898317","","","","0"
"1984-01","Canada","2016A000011124","Total, new motor vehicles","Total, country of manufacture","Dollars","Unadjusted","Dollars","81","thousands","3","v42169913","1.1.1.2.1","923557","","","","0"
"1984-02","Canada","2016A000011124","Total, new motor vehicles","Total, country of manufacture","Dollars","Unadjusted","Dollars","81","thousands","3","v42169913","1.1.1.2.1","1120598","","","","0"
"1984-03","Canada","2016A000011124","Total, new motor vehicles","Total, country of manufacture","Dollars","Unadjusted","Dollars","81","thousands","3","v42169913","1.1.1.2.1","1528335","","","","0"
"1984-04","Canada","2016A000011124","Total, new motor vehicles","Total, country of manufacture","Dollars","Unadjusted","Dollars","81","thousands","3","v42169913","1.1.1.2.1","1471449","","","","0"
"1984-05","Canada","2016A000011124","Total, new motor vehicles","Total, country of manufacture","Dollars","Unadjusted","Dollars","81","thousands","3","v42169913","1.1.1.2.1","1683172","","","","0"
"1984-06","Canada","2016A000011124","Total, new motor vehicles","Total, country of manufacture","Dollars","Unadjusted","Dollars","81","thousands","3","v42169913","1.1.1.2.1","1620562","","","","0"
"1984-07","Canada","2016A000011124","Total, new motor vehicles","Total, country of manufacture","Dollars","Unadjusted","Dollars","81","thousands","3","v42169913","1.1.1.2.1","1260598","","","","0"
"1984-08","Canada","2016A000011124","Total, new motor vehicles","Total, country of manufacture","Dollars","Unadjusted","Dollars","81","thousands","3","v42169913","1.1.1.2.1","1186586","","","","0"
"1984-09","Canada","2016A000011124","Total, new motor vehicles","Total, country of manufacture","Dollars","Unadjusted","Dollars","81","thousands","3","v42169913","1.1.1.2.1","1013207","","","","0"
"1984-10","Canada","2016A000011124","Total, new motor vehicles","Total, country of manufacture","Dollars","Unadjusted","Dollars","81","thousands","3","v42169913","1.1.1.2.1","1532192","","","","0"
"1984-11","Canada","2016A000011124","Total, new motor vehicles","Total, country of manufacture","Dollars","Unadjusted","Dollars","81","thousands","3","v42169913","1.1.1.2.1","1266907","","","","0"
"1984-12","Canada","2016A000011124","Total, new motor vehicles","Total, country of manufacture","Dollars","Unadjusted","Dollars","81","thousands","3","v42169913","1.1.1.2.1","1072597","","","","0"
"1985-01","Canada","2016A000011124","Total, new motor vehicles","Total, country of manufacture","Dollars","Unadjusted","Dollars","81","thousands","3","v42169913","1.1.1.2.1","1140754","","","","0"
"1985-02","Canada","2016A000011124","Total, new motor vehicles","Total, country of manufacture","Dollars","Unadjusted","Dollars","81","thousands","3","v42169913","1.1.1.2.1","1214675","","","","0"
"1985-03","Canada","2016A000011124","Total, new motor vehicles","Total, country of manufacture","Dollars","Unadjusted","Dollars","81","thousands","3","v42169913","1.1.1.2.1","1741819","","","","0"
"1985-04","Canada","2016A000011124","Total, new motor vehicles","Total, country of manufacture","Dollars","Unadjusted","Dollars","81","thousands","3","v42169913","1.1.1.2.1","2030177","","","","0"
"1985-05","Canada","2016A000011124","Total, new motor vehicles","Total, country of manufacture","Dollars","Unadjusted","Dollars","81","thousands","3","v42169913","1.1.1.2.1","2007142","","","","0"
"1985-06","Canada","2016A000011124","Total, new motor vehicles","Total, country of manufacture","Dollars","Unadjusted","Dollars","81","thousands","3","v42169913","1.1.1.2.1","2058585","","","","0"
"1985-07","Canada","2016A000011124","Total, new motor vehicles","Total, country of manufacture","Dollars","Unadjusted","Dollars","81","thousands","3","v42169913","1.1.1.2.1","1610115","","","","0"
"1985-08","Canada","2016A000011124","Total, new motor vehicles","Total, country of manufacture","Dollars","Unadjusted","Dollars","81","thousands","3","v42169913","1.1.1.2.1","1598249","","","","0"
"1985-09","Canada","2016A000011124","Total, new motor vehicles","Total, country of manufacture","Dollars","Unadjusted","Dollars","81","thousands","3","v42169913","1.1.1.2.1","1454694","","","","0"
"1985-10","Canada","2016A000011124","Total, new motor vehicles","Total, country of manufacture","Dollars","Unadjusted","Dollars","81","thousands","3","v42169913","1.1.1.2.1","1884221","","","","0"
"1985-11","Canada","2016A000011124","Total, new motor vehicles","Total, country of manufacture","Dollars","Unadjusted","Dollars","81","thousands","3","v42169913","1.1.1.2.1","1696384","","","","0"
"1985-12","Canada","2016A000011124","Total, new motor vehicles","Total, country of manufacture","Dollars","Unadjusted","Dollars","81","thousands","3","v42169913","1.1.1.2.1","1453304","","","","0"
"1986-01","Canada","2016A000011124","Total, new motor vehicles","Total, country of manufacture","Dollars","Unadjusted","Dollars","81","thousands","3","v42169913","1.1.1.2.1","1341418","","","","0"
"1986-02","Canada","2016A000011124","Total, new motor vehicles","Total, country of manufacture","Dollars","Unadjusted","Dollars","81","thousands","3","v42169913","1.1.1.2.1","1539214","","","","0"
"1986-03","Canada","2016A000011124","Total, new motor vehicles","Total, country of manufacture","Dollars","Unadjusted","Dollars","81","thousands","3","v42169913","1.1.1.2.1","1829544","","","","0"
"1986-04","Canada","2016A000011124","Total, new motor vehicles","Total, country of manufacture","Dollars","Unadjusted","Dollars","81","thousands","3","v42169913","1.1.1.2.1","2311485","","","","0"
"1986-05","Canada","2016A000011124","Total, new motor vehicles","Total, country of manufacture","Dollars","Unadjusted","Dollars","81","thousands","3","v42169913","1.1.1.2.1","2220368","","","","0"
"1986-06","Canada","2016A000011124","Total, new motor vehicles","Total, country of manufacture","Dollars","Unadjusted","Dollars","81","thousands","3","v42169913","1.1.1.2.1","2046566","","","","0"
"1986-07","Canada","2016A000011124","Total, new motor vehicles","Total, country of manufacture","Dollars","Unadjusted","Dollars","81","thousands","3","v42169913","1.1.1.2.1","1976171","","","","0"
"1986-08","Canada","2016A000011124","Total, new motor vehicles","Total, country of manufacture","Dollars","Unadjusted","Dollars","81","thousands","3","v42169913","1.1.1.2.1","1736781","","","","0"
"1986-09","Canada","2016A000011124","Total, new motor vehicles","Total, country of manufacture","Dollars","Unadjusted","Dollars","81","thousands","3","v42169913","1.1.1.2.1","1709660","","","","0"
"1986-10","Canada","2016A000011124","Total, new motor vehicles","Total, country of manufacture","Dollars","Unadjusted","Dollars","81","thousands","3","v42169913","1.1.1.2.1","1931456","","","","0"
"1986-11","Canada","2016A000011124","Total, new motor vehicles","Total, country of manufacture","Dollars","Unadjusted","Dollars","81","thousands","3","v42169913","1.1.1.2.1","1601001","","","","0"
"1986-12","Canada","2016A000011124","Total, new motor vehicles","Total, country of manufacture","Dollars","Unadjusted","Dollars","81","thousands","3","v42169913","1.1.1.2.1","1597886","","","","0"
"1987-01","Canada","2016A000011124","Total, new motor vehicles","Total, country of manufacture","Dollars","Unadjusted","Dollars","81","thousands","3","v42169913","1.1.1.2.1","1286498","","","","0"
"1987-02","Canada","2016A000011124","Total, new motor vehicles","Total, country of manufacture","Dollars","Unadjusted","Dollars","81","thousands","3","v42169913","1.1.1.2.1","1567720","","","","0"
"1987-03","Canada","2016A000011124","Total, new motor vehicles","Total, country of manufacture","Dollars","Unadjusted","Dollars","81","thousands","3","v42169913","1.1.1.2.1","2248091","","","","0"
"1987-04","Canada","2016A000011124","Total, new motor vehicles","Total, country of manufacture","Dollars","Unadjusted","Dollars","81","thousands","3","v42169913","1.1.1.2.1","2591424","","","","0"
"1987-05","Canada","2016A000011124","Total, new motor vehicles","Total, country of manufacture","Dollars","Unadjusted","Dollars","81","thousands","3","v42169913","1.1.1.2.1","2338435","","","","0"
"1987-06","Canada","2016A000011124","Total, new motor vehicles","Total, country of manufacture","Dollars","Unadjusted","Dollars","81","thousands","3","v42169913","1.1.1.2.1","2602299","","","","0"
"1987-07","Canada","2016A000011124","Total, new motor vehicles","Total, country of manufacture","Dollars","Unadjusted","Dollars","81","thousands","3","v42169913","1.1.1.2.1","1937215","","","","0"
"1987-08","Canada","2016A000011124","Total, new motor vehicles","Total, country of manufacture","Dollars","Unadjusted","Dollars","81","thousands","3","v42169913","1.1.1.2.1","1990052","","","","0"
"1987-09","Canada","2016A000011124","Total, new motor vehicles","Total, country of manufacture","Dollars","Unadjusted","Dollars","81","thousands","3","v42169913","1.1.1.2.1","1838712","","","","0"
"1987-10","Canada","2016A000011124","Total, new motor vehicles","Total, country of manufacture","Dollars","Unadjusted","Dollars","81","thousands","3","v42169913","1.1.1.2.1","2267914","","","","0"
"1987-11","Canada","2016A000011124","Total, new motor vehicles","Total, country of manufacture","Dollars","Unadjusted","Dollars","81","thousands","3","v42169913","1.1.1.2.1","2007771","","","","0"
"1987-12","Canada","2016A000011124","Total, new motor vehicles","Total, country of manufacture","Dollars","Unadjusted","Dollars","81","thousands","3","v42169913","1.1.1.2.1","1795621","","","","0"
"1988-01","Canada","2016A000011124","Total, new motor vehicles","Total, country of manufacture","Dollars","Unadjusted","Dollars","81","thousands","3","v42169913","1.1.1.2.1","1526332","","","","0"
"1988-02","Canada","2016A000011124","Total, new motor vehicles","Total, country of manufacture","Dollars","Unadjusted","Dollars","81","thousands","3","v42169913","1.1.1.2.1","1756302","","","","0"
"1988-03","Canada","2016A000011124","Total, new motor vehicles","Total, country of manufacture","Dollars","Unadjusted","Dollars","81","thousands","3","v42169913","1.1.1.2.1","2705521","","","","0"
"1988-04","Canada","2016A000011124","Total, new motor vehicles","Total, country of manufacture","Dollars","Unadjusted","Dollars","81","thousands","3","v42169913","1.1.1.2.1","2694627","","","","0"
"1988-05","Canada","2016A000011124","Total, new motor vehicles","Total, country of manufacture","Dollars","Unadjusted","Dollars","81","thousands","3","v42169913","1.1.1.2.1","2863769","","","","0"
"1988-06","Canada","2016A000011124","Total, new motor vehicles","Total, country of manufacture","Dollars","Unadjusted","Dollars","81","thousands","3","v42169913","1.1.1.2.1","2546215","","","","0"
"1988-07","Canada","2016A000011124","Total, new motor vehicles","Total, country of manufacture","Dollars","Unadjusted","Dollars","81","thousands","3","v42169913","1.1.1.2.1","2133750","","","","0"
"1988-08","Canada","2016A000011124","Total, new motor vehicles","Total, country of manufacture","Dollars","Unadjusted","Dollars","81","thousands","3","v42169913","1.1.1.2.1","2218823","","","","0"
"1988-09","Canada","2016A000011124","Total, new motor vehicles","Total, country of manufacture","Dollars","Unadjusted","Dollars","81","thousands","3","v42169913","1.1.1.2.1","2017577","","","","0"
"1988-10","Canada","2016A000011124","Total, new motor vehicles","Total, country of manufacture","Dollars","Unadjusted","Dollars","81","thousands","3","v42169913","1.1.1.2.1","2284684","","","","0"
"1988-11","Canada","2016A000011124","Total, new motor vehicles","Total, country of manufacture","Dollars","Unadjusted","Dollars","81","thousands","3","v42169913","1.1.1.2.1","2154222","","","","0"
"1988-12","Canada","2016A000011124","Total, new motor vehicles","Total, country of manufacture","Dollars","Unadjusted","Dollars","81","thousands","3","v42169913","1.1.1.2.1","1963505","","","","0"
"1989-01","Canada","2016A000011124","Total, new motor vehicles","Total, country of manufacture","Dollars","Unadjusted","Dollars","81","thousands","3","v42169913","1.1.1.2.1","1546441","","","","0"
"1989-02","Canada","2016A000011124","Total, new motor vehicles","Total, country of manufacture","Dollars","Unadjusted","Dollars","81","thousands","3","v42169913","1.1.1.2.1","1798941","","","","0"
"1989-03","Canada","2016A000011124","Total, new motor vehicles","Total, country of manufacture","Dollars","Unadjusted","Dollars","81","thousands","3","v42169913","1.1.1.2.1","2430460","","","","0"
"1989-04","Canada","2016A000011124","Total, new motor vehicles","Total, country of manufacture","Dollars","Unadjusted","Dollars","81","thousands","3","v42169913","1.1.1.2.1","3073601","","","","0"
"1989-05","Canada","2016A000011124","Total, new motor vehicles","Total, country of manufacture","Dollars","Unadjusted","Dollars","81","thousands","3","v42169913","1.1.1.2.1","3122309","","","","0"
"1989-06","Canada","2016A000011124","Total, new motor vehicles","Total, country of manufacture","Dollars","Unadjusted","Dollars","81","thousands","3","v42169913","1.1.1.2.1","2565379","","","","0"
"1989-07","Canada","2016A000011124","Total, new motor vehicles","Total, country of manufacture","Dollars","Unadjusted","Dollars","81","thousands","3","v42169913","1.1.1.2.1","1990790","","","","0"
"1989-08","Canada","2016A000011124","Total, new motor vehicles","Total, country of manufacture","Dollars","Unadjusted","Dollars","81","thousands","3","v42169913","1.1.1.2.1","2189513","","","","0"
"1989-09","Canada","2016A000011124","Total, new motor vehicles","Total, country of manufacture","Dollars","Unadjusted","Dollars","81","thousands","3","v42169913","1.1.1.2.1","2115091","","","","0"
"1989-10","Canada","2016A000011124","Total, new motor vehicles","Total, country of manufacture","Dollars","Unadjusted","Dollars","81","thousands","3","v42169913","1.1.1.2.1","2300071","","","","0"
"1989-11","Canada","2016A000011124","Total, new motor vehicles","Total, country of manufacture","Dollars","Unadjusted","Dollars","81","thousands","3","v42169913","1.1.1.2.1","2112901","","","","0"
"1989-12","Canada","2016A000011124","Total, new motor vehicles","Total, country of manufacture","Dollars","Unadjusted","Dollars","81","thousands","3","v42169913","1.1.1.2.1","1713881","","","","0"
"1990-01","Canada","2016A000011124","Total, new motor vehicles","Total, country of manufacture","Dollars","Unadjusted","Dollars","81","thousands","3","v42169913","1.1.1.2.1","1716818","","","","0"
"1990-02","Canada","2016A000011124","Total, new motor vehicles","Total, country of manufacture","Dollars","Unadjusted","Dollars","81","thousands","3","v42169913","1.1.1.2.1","1688292","","","","0"
"1990-03","Canada","2016A000011124","Total, new motor vehicles","Total, country of manufacture","Dollars","Unadjusted","Dollars","81","thousands","3","v42169913","1.1.1.2.1","2629595","","","","0"
"1990-04","Canada","2016A000011124","Total, new motor vehicles","Total, country of manufacture","Dollars","Unadjusted","Dollars","81","thousands","3","v42169913","1.1.1.2.1","2548948","","","","0"
"1990-05","Canada","2016A000011124","Total, new motor vehicles","Total, country of manufacture","Dollars","Unadjusted","Dollars","81","thousands","3","v42169913","1.1.1.2.1","2761967","","","","0"
"1990-06","Canada","2016A000011124","Total, new motor vehicles","Total, country of manufacture","Dollars","Unadjusted","Dollars","81","thousands","3","v42169913","1.1.1.2.1","2555167","","","","0"
"1990-07","Canada","2016A000011124","Total, new motor vehicles","Total, country of manufacture","Dollars","Unadjusted","Dollars","81","thousands","3","v42169913","1.1.1.2.1","2066940","","","","0"
"1990-08","Canada","2016A000011124","Total, new motor vehicles","Total, country of manufacture","Dollars","Unadjusted","Dollars","81","thousands","3","v42169913","1.1.1.2.1","2015164","","","","0"
"1990-09","Canada","2016A000011124","Total, new motor vehicles","Total, country of manufacture","Dollars","Unadjusted","Dollars","81","thousands","3","v42169913","1.1.1.2.1","1747583","","","","0"
"1990-10","Canada","2016A000011124","Total, new motor vehicles","Total, country of manufacture","Dollars","Unadjusted","Dollars","81","thousands","3","v42169913","1.1.1.2.1","2029481","","","","0"
"1990-11","Canada","2016A000011124","Total, new motor vehicles","Total, country of manufacture","Dollars","Unadjusted","Dollars","81","thousands","3","v42169913","1.1.1.2.1","1720832","","","","0"
"1990-12","Canada","2016A000011124","Total, new motor vehicles","Total, country of manufacture","Dollars","Unadjusted","Dollars","81","thousands","3","v42169913","1.1.1.2.1","1407964","","","","0"
"1991-01","Canada","2016A000011124","Total, new motor vehicles","Total, country of manufacture","Dollars","Unadjusted","Dollars","81","thousands","3","v42169913","1.1.1.2.1","1438359","","","","0"
"1991-02","Canada","2016A000011124","Total, new motor vehicles","Total, country of manufacture","Dollars","Unadjusted","Dollars","81","thousands","3","v42169913","1.1.1.2.1","1432005","","","","0"
"1991-03","Canada","2016A000011124","Total, new motor vehicles","Total, country of manufacture","Dollars","Unadjusted","Dollars","81","thousands","3","v42169913","1.1.1.2.1","1914665","","","","0"
"1991-04","Canada","2016A000011124","Total, new motor vehicles","Total, country of manufacture","Dollars","Unadjusted","Dollars","81","thousands","3","v42169913","1.1.1.2.1","2458908","","","","0"
"1991-05","Canada","2016A000011124","Total, new motor vehicles","Total, country of manufacture","Dollars","Unadjusted","Dollars","81","thousands","3","v42169913","1.1.1.2.1","2554881","","","","0"
"1991-06","Canada","2016A000011124","Total, new motor vehicles","Total, country of manufacture","Dollars","Unadjusted","Dollars","81","thousands","3","v42169913","1.1.1.2.1","2510073","","","","0"
"1991-07","Canada","2016A000011124","Total, new motor vehicles","Total, country of manufacture","Dollars","Unadjusted","Dollars","81","thousands","3","v42169913","1.1.1.2.1","2172463","","","","0"
"1991-08","Canada","2016A000011124","Total, new motor vehicles","Total, country of manufacture","Dollars","Unadjusted","Dollars","81","thousands","3","v42169913","1.1.1.2.1","1714919","","","","0"
"1991-09","Canada","2016A000011124","Total, new motor vehicles","Total, country of manufacture","Dollars","Unadjusted","Dollars","81","thousands","3","v42169913","1.1.1.2.1","1830044","","","","0"
"1991-10","Canada","2016A000011124","Total, new motor vehicles","Total, country of manufacture","Dollars","Unadjusted","Dollars","81","thousands","3","v42169913","1.1.1.2.1","1758944","","","","0"
"1991-11","Canada","2016A000011124","Total, new motor vehicles","Total, country of manufacture","Dollars","Unadjusted","Dollars","81","thousands","3","v42169913","1.1.1.2.1","1651890","","","","0"
"1991-12","Canada","2016A000011124","Total, new motor vehicles","Total, country of manufacture","Dollars","Unadjusted","Dollars","81","thousands","3","v42169913","1.1.1.2.1","1418475","","","","0"
"1992-01","Canada","2016A000011124","Total, new motor vehicles","Total, country of manufacture","Dollars","Unadjusted","Dollars","81","thousands","3","v42169913","1.1.1.2.1","1503355","","","","0"
"1992-02","Canada","2016A000011124","Total, new motor vehicles","Total, country of manufacture","Dollars","Unadjusted","Dollars","81","thousands","3","v42169913","1.1.1.2.1","1577017","","","","0"
"1992-03","Canada","2016A000011124","Total, new motor vehicles","Total, country of manufacture","Dollars","Unadjusted","Dollars","81","thousands","3","v42169913","1.1.1.2.1","2089908","","","","0"
"1992-04","Canada","2016A000011124","Total, new motor vehicles","Total, country of manufacture","Dollars","Unadjusted","Dollars","81","thousands","3","v42169913","1.1.1.2.1","2377625","","","","0"
"1992-05","Canada","2016A000011124","Total, new motor vehicles","Total, country of manufacture","Dollars","Unadjusted","Dollars","81","thousands","3","v42169913","1.1.1.2.1","2351046","","","","0"
"1992-06","Canada","2016A000011124","Total, new motor vehicles","Total, country of manufacture","Dollars","Unadjusted","Dollars","81","thousands","3","v42169913","1.1.1.2.1","2352791","","","","0"
"1992-07","Canada","2016A000011124","Total, new motor vehicles","Total, country of manufacture","Dollars","Unadjusted","Dollars","81","thousands","3","v42169913","1.1.1.2.1","2075113","","","","0"
"1992-08","Canada","2016A000011124","Total, new motor vehicles","Total, country of manufacture","Dollars","Unadjusted","Dollars","81","thousands","3","v42169913","1.1.1.2.1","1869378","","","","0"
"1992-09","Canada","2016A000011124","Total, new motor vehicles","Total, country of manufacture","Dollars","Unadjusted","Dollars","81","thousands","3","v42169913","1.1.1.2.1","1996506","","","","0"
"1992-10","Canada","2016A000011124","Total, new motor vehicles","Total, country of manufacture","Dollars","Unadjusted","Dollars","81","thousands","3","v42169913","1.1.1.2.1","1871867","","","","0"
"1992-11","Canada","2016A000011124","Total, new motor vehicles","Total, country of manufacture","Dollars","Unadjusted","Dollars","81","thousands","3","v42169913","1.1.1.2.1","1741878","","","","0"
"1992-12","Canada","2016A000011124","Total, new motor vehicles","Total, country of manufacture","Dollars","Unadjusted","Dollars","81","thousands","3","v42169913","1.1.1.2.1","1677971","","","","0"
"1993-01","Canada","2016A000011124","Total, new motor vehicles","Total, country of manufacture","Dollars","Unadjusted","Dollars","81","thousands","3","v42169913","1.1.1.2.1","1362140","","","","0"
"1993-02","Canada","2016A000011124","Total, new motor vehicles","Total, country of manufacture","Dollars","Unadjusted","Dollars","81","thousands","3","v42169913","1.1.1.2.1","1394538","","","","0"
"1993-03","Canada","2016A000011124","Total, new motor vehicles","Total, country of manufacture","Dollars","Unadjusted","Dollars","81","thousands","3","v42169913","1.1.1.2.1","2308600","","","","0"
"1993-04","Canada","2016A000011124","Total, new motor vehicles","Total, country of manufacture","Dollars","Unadjusted","Dollars","81","thousands","3","v42169913","1.1.1.2.1","2485723","","","","0"
"1993-05","Canada","2016A000011124","Total, new motor vehicles","Total, country of manufacture","Dollars","Unadjusted","Dollars","81","thousands","3","v42169913","1.1.1.2.1","2582940","","","","0"
"1993-06","Canada","2016A000011124","Total, new motor vehicles","Total, country of manufacture","Dollars","Unadjusted","Dollars","81","thousands","3","v42169913","1.1.1.2.1","2414027","","","","0"
"1993-07","Canada","2016A000011124","Total, new motor vehicles","Total, country of manufacture","Dollars","Unadjusted","Dollars","81","thousands","3","v42169913","1.1.1.2.1","2185670","","","","0"
"1993-08","Canada","2016A000011124","Total, new motor vehicles","Total, country of manufacture","Dollars","Unadjusted","Dollars","81","thousands","3","v42169913","1.1.1.2.1","1966377","","","","0"
"1993-09","Canada","2016A000011124","Total, new motor vehicles","Total, country of manufacture","Dollars","Unadjusted","Dollars","81","thousands","3","v42169913","1.1.1.2.1","1962682","","","","0"
"1993-10","Canada","2016A000011124","Total, new motor vehicles","Total, country of manufacture","Dollars","Unadjusted","Dollars","81","thousands","3","v42169913","1.1.1.2.1","2041452","","","","0"
"1993-11","Canada","2016A000011124","Total, new motor vehicles","Total, country of manufacture","Dollars","Unadjusted","Dollars","81","thousands","3","v42169913","1.1.1.2.1","2058835","","","","0"
"1993-12","Canada","2016A000011124","Total, new motor vehicles","Total, country of manufacture","Dollars","Unadjusted","Dollars","81","thousands","3","v42169913","1.1.1.2.1","1867375","","","","0"
"1994-01","Canada","2016A000011124","Total, new motor vehicles","Total, country of manufacture","Dollars","Unadjusted","Dollars","81","thousands","3","v42169913","1.1.1.2.1","1647772","","","","0"
"1994-02","Canada","2016A000011124","Total, new motor vehicles","Total, country of manufacture","Dollars","Unadjusted","Dollars","81","thousands","3","v42169913","1.1.1.2.1","1747093","","","","0"
"1994-03","Canada","2016A000011124","Total, new motor vehicles","Total, country of manufacture","Dollars","Unadjusted","Dollars","81","thousands","3","v42169913","1.1.1.2.1","2641147","","","","0"
"1994-04","Canada","2016A000011124","Total, new motor vehicles","Total, country of manufacture","Dollars","Unadjusted","Dollars","81","thousands","3","v42169913","1.1.1.2.1","2744338","","","","0"
"1994-05","Canada","2016A000011124","Total, new motor vehicles","Total, country of manufacture","Dollars","Unadjusted","Dollars","81","thousands","3","v42169913","1.1.1.2.1","2934499","","","","0"
"1994-06","Canada","2016A000011124","Total, new motor vehicles","Total, country of manufacture","Dollars","Unadjusted","Dollars","81","thousands","3","v42169913","1.1.1.2.1","2925984","","","","0"
"1994-07","Canada","2016A000011124","Total, new motor vehicles","Total, country of manufacture","Dollars","Unadjusted","Dollars","81","thousands","3","v42169913","1.1.1.2.1","2255666","","","","0"
"1994-08","Canada","2016A000011124","Total, new motor vehicles","Total, country of manufacture","Dollars","Unadjusted","Dollars","81","thousands","3","v42169913","1.1.1.2.1","2096987","","","","0"
"1994-09","Canada","2016A000011124","Total, new motor vehicles","Total, country of manufacture","Dollars","Unadjusted","Dollars","81","thousands","3","v42169913","1.1.1.2.1","2251448","","","","0"
"1994-10","Canada","2016A000011124","Total, new motor vehicles","Total, country of manufacture","Dollars","Unadjusted","Dollars","81","thousands","3","v42169913","1.1.1.2.1","2377165","","","","0"
"1994-11","Canada","2016A000011124","Total, new motor vehicles","Total, country of manufacture","Dollars","Unadjusted","Dollars","81","thousands","3","v42169913","1.1.1.2.1","2262384","","","","0"
"1994-12","Canada","2016A000011124","Total, new motor vehicles","Total, country of manufacture","Dollars","Unadjusted","Dollars","81","thousands","3","v42169913","1.1.1.2.1","2009312","","","","0"
"1995-01","Canada","2016A000011124","Total, new motor vehicles","Total, country of manufacture","Dollars","Unadjusted","Dollars","81","thousands","3","v42169913","1.1.1.2.1","1770967","","","","0"
"1995-02","Canada","2016A000011124","Total, new motor vehicles","Total, country of manufacture","Dollars","Unadjusted","Dollars","81","thousands","3","v42169913","1.1.1.2.1","1869733","","","","0"
"1995-03","Canada","2016A000011124","Total, new motor vehicles","Total, country of manufacture","Dollars","Unadjusted","Dollars","81","thousands","3","v42169913","1.1.1.2.1","2669870","","","","0"
"1995-04","Canada","2016A000011124","Total, new motor vehicles","Total, country of manufacture","Dollars","Unadjusted","Dollars","81","thousands","3","v42169913","1.1.1.2.1","2478218","","","","0"
"1995-05","Canada","2016A000011124","Total, new motor vehicles","Total, country of manufacture","Dollars","Unadjusted","Dollars","81","thousands","3","v42169913","1.1.1.2.1","3004407","","","","0"
"1995-06","Canada","2016A000011124","Total, new motor vehicles","Total, country of manufacture","Dollars","Unadjusted","Dollars","81","thousands","3","v42169913","1.1.1.2.1","2908311","","","","0"
"1995-07","Canada","2016A000011124","Total, new motor vehicles","Total, country of manufacture","Dollars","Unadjusted","Dollars","81","thousands","3","v42169913","1.1.1.2.1","2212189","","","","0"
"1995-08","Canada","2016A000011124","Total, new motor vehicles","Total, country of manufacture","Dollars","Unadjusted","Dollars","81","thousands","3","v42169913","1.1.1.2.1","2354999","","","","0"
"1995-09","Canada","2016A000011124","Total, new motor vehicles","Total, country of manufacture","Dollars","Unadjusted","Dollars","81","thousands","3","v42169913","1.1.1.2.1","2396467","","","","0"
"1995-10","Canada","2016A000011124","Total, new motor vehicles","Total, country of manufacture","Dollars","Unadjusted","Dollars","81","thousands","3","v42169913","1.1.1.2.1","2299947","","","","0"
"1995-11","Canada","2016A000011124","Total, new motor vehicles","Total, country of manufacture","Dollars","Unadjusted","Dollars","81","thousands","3","v42169913","1.1.1.2.1","2179178","","","","0"
"1995-12","Canada","2016A000011124","Total, new motor vehicles","Total, country of manufacture","Dollars","Unadjusted","Dollars","81","thousands","3","v42169913","1.1.1.2.1","2024520","","","","0"
"1996-01","Canada","2016A000011124","Total, new motor vehicles","Total, country of manufacture","Dollars","Unadjusted","Dollars","81","thousands","3","v42169913","1.1.1.2.1","1897218","","","","0"
"1996-02","Canada","2016A000011124","Total, new motor vehicles","Total, country of manufacture","Dollars","Unadjusted","Dollars","81","thousands","3","v42169913","1.1.1.2.1","2094659","","","","0"
"1996-03","Canada","2016A000011124","Total, new motor vehicles","Total, country of manufacture","Dollars","Unadjusted","Dollars","81","thousands","3","v42169913","1.1.1.2.1","2754785","","","","0"
"1996-04","Canada","2016A000011124","Total, new motor vehicles","Total, country of manufacture","Dollars","Unadjusted","Dollars","81","thousands","3","v42169913","1.1.1.2.1","2717501","","","","0"
"1996-05","Canada","2016A000011124","Total, new motor vehicles","Total, country of manufacture","Dollars","Unadjusted","Dollars","81","thousands","3","v42169913","1.1.1.2.1","3238183","","","","0"
"1996-06","Canada","2016A000011124","Total, new motor vehicles","Total, country of manufacture","Dollars","Unadjusted","Dollars","81","thousands","3","v42169913","1.1.1.2.1","3142366","","","","0"
"1996-07","Canada","2016A000011124","Total, new motor vehicles","Total, country of manufacture","Dollars","Unadjusted","Dollars","81","thousands","3","v42169913","1.1.1.2.1","2594296","","","","0"
"1996-08","Canada","2016A000011124","Total, new motor vehicles","Total, country of manufacture","Dollars","Unadjusted","Dollars","81","thousands","3","v42169913","1.1.1.2.1","2391307","","","","0"
"1996-09","Canada","2016A000011124","Total, new motor vehicles","Total, country of manufacture","Dollars","Unadjusted","Dollars","81","thousands","3","v42169913","1.1.1.2.1","2475602","","","","0"
"1996-10","Canada","2016A000011124","Total, new motor vehicles","Total, country of manufacture","Dollars","Unadjusted","Dollars","81","thousands","3","v42169913","1.1.1.2.1","2894859","","","","0"
"1996-11","Canada","2016A000011124","Total, new motor vehicles","Total, country of manufacture","Dollars","Unadjusted","Dollars","81","thousands","3","v42169913","1.1.1.2.1","2620513","","","","0"
"1996-12","Canada","2016A000011124","Total, new motor vehicles","Total, country of manufacture","Dollars","Unadjusted","Dollars","81","thousands","3","v42169913","1.1.1.2.1","2664488","","","","0"
"1997-01","Canada","2016A000011124","Total, new motor vehicles","Total, country of manufacture","Dollars","Unadjusted","Dollars","81","thousands","3","v42169913","1.1.1.2.1","2151641","","","","0"
"1997-02","Canada","2016A000011124","Total, new motor vehicles","Total, country of manufacture","Dollars","Unadjusted","Dollars","81","thousands","3","v42169913","1.1.1.2.1","2456273","","","","0"
"1997-03","Canada","2016A000011124","Total, new motor vehicles","Total, country of manufacture","Dollars","Unadjusted","Dollars","81","thousands","3","v42169913","1.1.1.2.1","3342741","","","","0"
"1997-04","Canada","2016A000011124","Total, new motor vehicles","Total, country of manufacture","Dollars","Unadjusted","Dollars","81","thousands","3","v42169913","1.1.1.2.1","3636853","","","","0"
"1997-05","Canada","2016A000011124","Total, new motor vehicles","Total, country of manufacture","Dollars","Unadjusted","Dollars","81","thousands","3","v42169913","1.1.1.2.1","3949541","","","","0"
"1997-06","Canada","2016A000011124","Total, new motor vehicles","Total, country of manufacture","Dollars","Unadjusted","Dollars","81","thousands","3","v42169913","1.1.1.2.1","3665600","","","","0"
"1997-07","Canada","2016A000011124","Total, new motor vehicles","Total, country of manufacture","Dollars","Unadjusted","Dollars","81","thousands","3","v42169913","1.1.1.2.1","3261313","","","","0"
"1997-08","Canada","2016A000011124","Total, new motor vehicles","Total, country of manufacture","Dollars","Unadjusted","Dollars","81","thousands","3","v42169913","1.1.1.2.1","2994791","","","","0"
"1997-09","Canada","2016A000011124","Total, new motor vehicles","Total, country of manufacture","Dollars","Unadjusted","Dollars","81","thousands","3","v42169913","1.1.1.2.1","3114374","","","","0"
"1997-10","Canada","2016A000011124","Total, new motor vehicles","Total, country of manufacture","Dollars","Unadjusted","Dollars","81","thousands","3","v42169913","1.1.1.2.1","3371864","","","","0"
"1997-11","Canada","2016A000011124","Total, new motor vehicles","Total, country of manufacture","Dollars","Unadjusted","Dollars","81","thousands","3","v42169913","1.1.1.2.1","3201748","","","","0"
"1997-12","Canada","2016A000011124","Total, new motor vehicles","Total, country of manufacture","Dollars","Unadjusted","Dollars","81","thousands","3","v42169913","1.1.1.2.1","3839485","","","","0"
"1998-01","Canada","2016A000011124","Total, new motor vehicles","Total, country of manufacture","Dollars","Unadjusted","Dollars","81","thousands","3","v42169913","1.1.1.2.1","2179285","","","","0"
"1998-02","Canada","2016A000011124","Total, new motor vehicles","Total, country of manufacture","Dollars","Unadjusted","Dollars","81","thousands","3","v42169913","1.1.1.2.1","2435964","","","","0"
"1998-03","Canada","2016A000011124","Total, new motor vehicles","Total, country of manufacture","Dollars","Unadjusted","Dollars","81","thousands","3","v42169913","1.1.1.2.1","3596739","","","","0"
"1998-04","Canada","2016A000011124","Total, new motor vehicles","Total, country of manufacture","Dollars","Unadjusted","Dollars","81","thousands","3","v42169913","1.1.1.2.1","3900578","","","","0"
"1998-05","Canada","2016A000011124","Total, new motor vehicles","Total, country of manufacture","Dollars","Unadjusted","Dollars","81","thousands","3","v42169913","1.1.1.2.1","4361440","","","","0"
"1998-06","Canada","2016A000011124","Total, new motor vehicles","Total, country of manufacture","Dollars","Unadjusted","Dollars","81","thousands","3","v42169913","1.1.1.2.1","4183374","","","","0"
"1998-07","Canada","2016A000011124","Total, new motor vehicles","Total, country of manufacture","Dollars","Unadjusted","Dollars","81","thousands","3","v42169913","1.1.1.2.1","3325536","","","","0"
"1998-08","Canada","2016A000011124","Total, new motor vehicles","Total, country of manufacture","Dollars","Unadjusted","Dollars","81","thousands","3","v42169913","1.1.1.2.1","3057786","","","","0"
"1998-09","Canada","2016A000011124","Total, new motor vehicles","Total, country of manufacture","Dollars","Unadjusted","Dollars","81","thousands","3","v42169913","1.1.1.2.1","3569508","","","","0"
"1998-10","Canada","2016A000011124","Total, new motor vehicles","Total, country of manufacture","Dollars","Unadjusted","Dollars","81","thousands","3","v42169913","1.1.1.2.1","3220716","","","","0"
"1998-11","Canada","2016A000011124","Total, new motor vehicles","Total, country of manufacture","Dollars","Unadjusted","Dollars","81","thousands","3","v42169913","1.1.1.2.1","3153269","","","","0"
"1998-12","Canada","2016A000011124","Total, new motor vehicles","Total, country of manufacture","Dollars","Unadjusted","Dollars","81","thousands","3","v42169913","1.1.1.2.1","3271582","","","","0"
"1999-01","Canada","2016A000011124","Total, new motor vehicles","Total, country of manufacture","Dollars","Unadjusted","Dollars","81","thousands","3","v42169913","1.1.1.2.1","2567669","","","","0"
"1999-02","Canada","2016A000011124","Total, new motor vehicles","Total, country of manufacture","Dollars","Unadjusted","Dollars","81","thousands","3","v42169913","1.1.1.2.1","2721576","","","","0"
"1999-03","Canada","2016A000011124","Total, new motor vehicles","Total, country of manufacture","Dollars","Unadjusted","Dollars","81","thousands","3","v42169913","1.1.1.2.1","4242978","","","","0"
"1999-04","Canada","2016A000011124","Total, new motor vehicles","Total, country of manufacture","Dollars","Unadjusted","Dollars","81","thousands","3","v42169913","1.1.1.2.1","4145962","","","","0"
"1999-05","Canada","2016A000011124","Total, new motor vehicles","Total, country of manufacture","Dollars","Unadjusted","Dollars","81","thousands","3","v42169913","1.1.1.2.1","4340828","","","","0"
"1999-06","Canada","2016A000011124","Total, new motor vehicles","Total, country of manufacture","Dollars","Unadjusted","Dollars","81","thousands","3","v42169913","1.1.1.2.1","4458515","","","","0"
"1999-07","Canada","2016A000011124","Total, new motor vehicles","Total, country of manufacture","Dollars","Unadjusted","Dollars","81","thousands","3","v42169913","1.1.1.2.1","3704818","","","","0"
"1999-08","Canada","2016A000011124","Total, new motor vehicles","Total, country of manufacture","Dollars","Unadjusted","Dollars","81","thousands","3","v42169913","1.1.1.2.1","3652492","","","","0"
"1999-09","Canada","2016A000011124","Total, new motor vehicles","Total, country of manufacture","Dollars","Unadjusted","Dollars","81","thousands","3","v42169913","1.1.1.2.1","4065544","","","","0"
"1999-10","Canada","2016A000011124","Total, new motor vehicles","Total, country of manufacture","Dollars","Unadjusted","Dollars","81","thousands","3","v42169913","1.1.1.2.1","3644129","","","","0"
"1999-11","Canada","2016A000011124","Total, new motor vehicles","Total, country of manufacture","Dollars","Unadjusted","Dollars","81","thousands","3","v42169913","1.1.1.2.1","3702038","","","","0"
"1999-12","Canada","2016A000011124","Total, new motor vehicles","Total, country of manufacture","Dollars","Unadjusted","Dollars","81","thousands","3","v42169913","1.1.1.2.1","4071365","","","","0"
"2000-01","Canada","2016A000011124","Total, new motor vehicles","Total, country of manufacture","Dollars","Unadjusted","Dollars","81","thousands","3","v42169913","1.1.1.2.1","2843715","","","","0"
"2000-02","Canada","2016A000011124","Total, new motor vehicles","Total, country of manufacture","Dollars","Unadjusted","Dollars","81","thousands","3","v42169913","1.1.1.2.1","3014977","","","","0"
"2000-03","Canada","2016A000011124","Total, new motor vehicles","Total, country of manufacture","Dollars","Unadjusted","Dollars","81","thousands","3","v42169913","1.1.1.2.1","4632012","","","","0"
"2000-04","Canada","2016A000011124","Total, new motor vehicles","Total, country of manufacture","Dollars","Unadjusted","Dollars","81","thousands","3","v42169913","1.1.1.2.1","4369507","","","","0"
"2000-05","Canada","2016A000011124","Total, new motor vehicles","Total, country of manufacture","Dollars","Unadjusted","Dollars","81","thousands","3","v42169913","1.1.1.2.1","4910387","","","","0"
"2000-06","Canada","2016A000011124","Total, new motor vehicles","Total, country of manufacture","Dollars","Unadjusted","Dollars","81","thousands","3","v42169913","1.1.1.2.1","4723138","","","","0"
"2000-07","Canada","2016A000011124","Total, new motor vehicles","Total, country of manufacture","Dollars","Unadjusted","Dollars","81","thousands","3","v42169913","1.1.1.2.1","3696472","","","","0"
"2000-08","Canada","2016A000011124","Total, new motor vehicles","Total, country of manufacture","Dollars","Unadjusted","Dollars","81","thousands","3","v42169913","1.1.1.2.1","4115554","","","","0"
"2000-09","Canada","2016A000011124","Total, new motor vehicles","Total, country of manufacture","Dollars","Unadjusted","Dollars","81","thousands","3","v42169913","1.1.1.2.1","4268641","","","","0"
"2000-10","Canada","2016A000011124","Total, new motor vehicles","Total, country of manufacture","Dollars","Unadjusted","Dollars","81","thousands","3","v42169913","1.1.1.2.1","3388700","","","","0"
"2000-11","Canada","2016A000011124","Total, new motor vehicles","Total, country of manufacture","Dollars","Unadjusted","Dollars","81","thousands","3","v42169913","1.1.1.2.1","3526918","","","","0"
"2000-12","Canada","2016A000011124","Total, new motor vehicles","Total, country of manufacture","Dollars","Unadjusted","Dollars","81","thousands","3","v42169913","1.1.1.2.1","3440493","","","","0"
"2001-01","Canada","2016A000011124","Total, new motor vehicles","Total, country of manufacture","Dollars","Unadjusted","Dollars","81","thousands","3","v42169913","1.1.1.2.1","2859254","","","","0"
"2001-02","Canada","2016A000011124","Total, new motor vehicles","Total, country of manufacture","Dollars","Unadjusted","Dollars","81","thousands","3","v42169913","1.1.1.2.1","2657565","","","","0"
"2001-03","Canada","2016A000011124","Total, new motor vehicles","Total, country of manufacture","Dollars","Unadjusted","Dollars","81","thousands","3","v42169913","1.1.1.2.1","4231569","","","","0"
"2001-04","Canada","2016A000011124","Total, new motor vehicles","Total, country of manufacture","Dollars","Unadjusted","Dollars","81","thousands","3","v42169913","1.1.1.2.1","4381553","","","","0"
"2001-05","Canada","2016A000011124","Total, new motor vehicles","Total, country of manufacture","Dollars","Unadjusted","Dollars","81","thousands","3","v42169913","1.1.1.2.1","4854163","","","","0"
"2001-06","Canada","2016A000011124","Total, new motor vehicles","Total, country of manufacture","Dollars","Unadjusted","Dollars","81","thousands","3","v42169913","1.1.1.2.1","4693081","","","","0"
"2001-07","Canada","2016A000011124","Total, new motor vehicles","Total, country of manufacture","Dollars","Unadjusted","Dollars","81","thousands","3","v42169913","1.1.1.2.1","3750259","","","","0"
"2001-08","Canada","2016A000011124","Total, new motor vehicles","Total, country of manufacture","Dollars","Unadjusted","Dollars","81","thousands","3","v42169913","1.1.1.2.1","3994642","","","","0"
"2001-09","Canada","2016A000011124","Total, new motor vehicles","Total, country of manufacture","Dollars","Unadjusted","Dollars","81","thousands","3","v42169913","1.1.1.2.1","3716896","","","","0"
"2001-10","Canada","2016A000011124","Total, new motor vehicles","Total, country of manufacture","Dollars","Unadjusted","Dollars","81","thousands","3","v42169913","1.1.1.2.1","3697632","","","","0"
"2001-11","Canada","2016A000011124","Total, new motor vehicles","Total, country of manufacture","Dollars","Unadjusted","Dollars","81","thousands","3","v42169913","1.1.1.2.1","3947242","","","","0"
"2001-12","Canada","2016A000011124","Total, new motor vehicles","Total, country of manufacture","Dollars","Unadjusted","Dollars","81","thousands","3","v42169913","1.1.1.2.1","4102396","","","","0"
"2002-01","Canada","2016A000011124","Total, new motor vehicles","Total, country of manufacture","Dollars","Unadjusted","Dollars","81","thousands","3","v42169913","1.1.1.2.1","3412178","","","","0"
"2002-02","Canada","2016A000011124","Total, new motor vehicles","Total, country of manufacture","Dollars","Unadjusted","Dollars","81","thousands","3","v42169913","1.1.1.2.1","3174004","","","","0"
"2002-03","Canada","2016A000011124","Total, new motor vehicles","Total, country of manufacture","Dollars","Unadjusted","Dollars","81","thousands","3","v42169913","1.1.1.2.1","4504327","","","","0"
"2002-04","Canada","2016A000011124","Total, new motor vehicles","Total, country of manufacture","Dollars","Unadjusted","Dollars","81","thousands","3","v42169913","1.1.1.2.1","4945277","","","","0"
"2002-05","Canada","2016A000011124","Total, new motor vehicles","Total, country of manufacture","Dollars","Unadjusted","Dollars","81","thousands","3","v42169913","1.1.1.2.1","5463686","","","","0"
"2002-06","Canada","2016A000011124","Total, new motor vehicles","Total, country of manufacture","Dollars","Unadjusted","Dollars","81","thousands","3","v42169913","1.1.1.2.1","5034008","","","","0"
"2002-07","Canada","2016A000011124","Total, new motor vehicles","Total, country of manufacture","Dollars","Unadjusted","Dollars","81","thousands","3","v42169913","1.1.1.2.1","4195497","","","","0"
"2002-08","Canada","2016A000011124","Total, new motor vehicles","Total, country of manufacture","Dollars","Unadjusted","Dollars","81","thousands","3","v42169913","1.1.1.2.1","4517781","","","","0"
"2002-09","Canada","2016A000011124","Total, new motor vehicles","Total, country of manufacture","Dollars","Unadjusted","Dollars","81","thousands","3","v42169913","1.1.1.2.1","4362089","","","","0"
"2002-10","Canada","2016A000011124","Total, new motor vehicles","Total, country of manufacture","Dollars","Unadjusted","Dollars","81","thousands","3","v42169913","1.1.1.2.1","4239363","","","","0"
"2002-11","Canada","2016A000011124","Total, new motor vehicles","Total, country of manufacture","Dollars","Unadjusted","Dollars","81","thousands","3","v42169913","1.1.1.2.1","3969183","","","","0"
"2002-12","Canada","2016A000011124","Total, new motor vehicles","Total, country of manufacture","Dollars","Unadjusted","Dollars","81","thousands","3","v42169913","1.1.1.2.1","4410106","","","","0"
"2003-01","Canada","2016A000011124","Total, new motor vehicles","Total, country of manufacture","Dollars","Unadjusted","Dollars","81","thousands","3","v42169913","1.1.1.2.1","2941847","","","","0"
"2003-02","Canada","2016A000011124","Total, new motor vehicles","Total, country of manufacture","Dollars","Unadjusted","Dollars","81","thousands","3","v42169913","1.1.1.2.1","3276166","","","","0"
"2003-03","Canada","2016A000011124","Total, new motor vehicles","Total, country of manufacture","Dollars","Unadjusted","Dollars","81","thousands","3","v42169913","1.1.1.2.1","4619716","","","","0"
"2003-04","Canada","2016A000011124","Total, new motor vehicles","Total, country of manufacture","Dollars","Unadjusted","Dollars","81","thousands","3","v42169913","1.1.1.2.1","4671934","","","","0"
"2003-05","Canada","2016A000011124","Total, new motor vehicles","Total, country of manufacture","Dollars","Unadjusted","Dollars","81","thousands","3","v42169913","1.1.1.2.1","5551388","","","","0"
"2003-06","Canada","2016A000011124","Total, new motor vehicles","Total, country of manufacture","Dollars","Unadjusted","Dollars","81","thousands","3","v42169913","1.1.1.2.1","4596710","","","","0"
"2003-07","Canada","2016A000011124","Total, new motor vehicles","Total, country of manufacture","Dollars","Unadjusted","Dollars","81","thousands","3","v42169913","1.1.1.2.1","4570411","","","","0"
"2003-08","Canada","2016A000011124","Total, new motor vehicles","Total, country of manufacture","Dollars","Unadjusted","Dollars","81","thousands","3","v42169913","1.1.1.2.1","4452716","","","","0"
"2003-09","Canada","2016A000011124","Total, new motor vehicles","Total, country of manufacture","Dollars","Unadjusted","Dollars","81","thousands","3","v42169913","1.1.1.2.1","4487201","","","","0"
"2003-10","Canada","2016A000011124","Total, new motor vehicles","Total, country of manufacture","Dollars","Unadjusted","Dollars","81","thousands","3","v42169913","1.1.1.2.1","3996557","","","","0"
"2003-11","Canada","2016A000011124","Total, new motor vehicles","Total, country of manufacture","Dollars","Unadjusted","Dollars","81","thousands","3","v42169913","1.1.1.2.1","3678577","","","","0"
"2003-12","Canada","2016A000011124","Total, new motor vehicles","Total, country of manufacture","Dollars","Unadjusted","Dollars","81","thousands","3","v42169913","1.1.1.2.1","3650085","","","","0"
"2004-01","Canada","2016A000011124","Total, new motor vehicles","Total, country of manufacture","Dollars","Unadjusted","Dollars","81","thousands","3","v42169913","1.1.1.2.1","2711635","","","","0"
"2004-02","Canada","2016A000011124","Total, new motor vehicles","Total, country of manufacture","Dollars","Unadjusted","Dollars","81","thousands","3","v42169913","1.1.1.2.1","3005344","","","","0"
"2004-03","Canada","2016A000011124","Total, new motor vehicles","Total, country of manufacture","Dollars","Unadjusted","Dollars","81","thousands","3","v42169913","1.1.1.2.1","4674152","","","","0"
"2004-04","Canada","2016A000011124","Total, new motor vehicles","Total, country of manufacture","Dollars","Unadjusted","Dollars","81","thousands","3","v42169913","1.1.1.2.1","4889605","","","","0"
"2004-05","Canada","2016A000011124","Total, new motor vehicles","Total, country of manufacture","Dollars","Unadjusted","Dollars","81","thousands","3","v42169913","1.1.1.2.1","5029987","","","","0"
"2004-06","Canada","2016A000011124","Total, new motor vehicles","Total, country of manufacture","Dollars","Unadjusted","Dollars","81","thousands","3","v42169913","1.1.1.2.1","4812540","","","","0"
"2004-07","Canada","2016A000011124","Total, new motor vehicles","Total, country of manufacture","Dollars","Unadjusted","Dollars","81","thousands","3","v42169913","1.1.1.2.1","4256526","","","","0"
"2004-08","Canada","2016A000011124","Total, new motor vehicles","Total, country of manufacture","Dollars","Unadjusted","Dollars","81","thousands","3","v42169913","1.1.1.2.1","4247689","","","","0"
"2004-09","Canada","2016A000011124","Total, new motor vehicles","Total, country of manufacture","Dollars","Unadjusted","Dollars","81","thousands","3","v42169913","1.1.1.2.1","4204154","","","","0"
"2004-10","Canada","2016A000011124","Total, new motor vehicles","Total, country of manufacture","Dollars","Unadjusted","Dollars","81","thousands","3","v42169913","1.1.1.2.1","4012022","","","","0"
"2004-11","Canada","2016A000011124","Total, new motor vehicles","Total, country of manufacture","Dollars","Unadjusted","Dollars","81","thousands","3","v42169913","1.1.1.2.1","3938961","","","","0"
"2004-12","Canada","2016A000011124","Total, new motor vehicles","Total, country of manufacture","Dollars","Unadjusted","Dollars","81","thousands","3","v42169913","1.1.1.2.1","3856608","","","","0"
"2005-01","Canada","2016A000011124","Total, new motor vehicles","Total, country of manufacture","Dollars","Unadjusted","Dollars","81","thousands","3","v42169913","1.1.1.2.1","2687357","","","","0"
"2005-02","Canada","2016A000011124","Total, new motor vehicles","Total, country of manufacture","Dollars","Unadjusted","Dollars","81","thousands","3","v42169913","1.1.1.2.1","3481340","","","","0"
"2005-03","Canada","2016A000011124","Total, new motor vehicles","Total, country of manufacture","Dollars","Unadjusted","Dollars","81","thousands","3","v42169913","1.1.1.2.1","4750643","","","","0"
"2005-04","Canada","2016A000011124","Total, new motor vehicles","Total, country of manufacture","Dollars","Unadjusted","Dollars","81","thousands","3","v42169913","1.1.1.2.1","5287013","","","","0"
"2005-05","Canada","2016A000011124","Total, new motor vehicles","Total, country of manufacture","Dollars","Unadjusted","Dollars","81","thousands","3","v42169913","1.1.1.2.1","5142342","","","","0"
"2005-06","Canada","2016A000011124","Total, new motor vehicles","Total, country of manufacture","Dollars","Unadjusted","Dollars","81","thousands","3","v42169913","1.1.1.2.1","5325761","","","","0"
"2005-07","Canada","2016A000011124","Total, new motor vehicles","Total, country of manufacture","Dollars","Unadjusted","Dollars","81","thousands","3","v42169913","1.1.1.2.1","4981923","","","","0"
"2005-08","Canada","2016A000011124","Total, new motor vehicles","Total, country of manufacture","Dollars","Unadjusted","Dollars","81","thousands","3","v42169913","1.1.1.2.1","4636671","","","","0"
"2005-09","Canada","2016A000011124","Total, new motor vehicles","Total, country of manufacture","Dollars","Unadjusted","Dollars","81","thousands","3","v42169913","1.1.1.2.1","4107993","","","","0"
"2005-10","Canada","2016A000011124","Total, new motor vehicles","Total, country of manufacture","Dollars","Unadjusted","Dollars","81","thousands","3","v42169913","1.1.1.2.1","3823755","","","","0"
"2005-11","Canada","2016A000011124","Total, new motor vehicles","Total, country of manufacture","Dollars","Unadjusted","Dollars","81","thousands","3","v42169913","1.1.1.2.1","4076656","","","","0"
"2005-12","Canada","2016A000011124","Total, new motor vehicles","Total, country of manufacture","Dollars","Unadjusted","Dollars","81","thousands","3","v42169913","1.1.1.2.1","4009693","","","","0"
"2006-01","Canada","2016A000011124","Total, new motor vehicles","Total, country of manufacture","Dollars","Unadjusted","Dollars","81","thousands","3","v42169913","1.1.1.2.1","2943630","","","","0"
"2006-02","Canada","2016A000011124","Total, new motor vehicles","Total, country of manufacture","Dollars","Unadjusted","Dollars","81","thousands","3","v42169913","1.1.1.2.1","3315853","","","","0"
"2006-03","Canada","2016A000011124","Total, new motor vehicles","Total, country of manufacture","Dollars","Unadjusted","Dollars","81","thousands","3","v42169913","1.1.1.2.1","5042821","","","","0"
"2006-04","Canada","2016A000011124","Total, new motor vehicles","Total, country of manufacture","Dollars","Unadjusted","Dollars","81","thousands","3","v42169913","1.1.1.2.1","5047812","","","","0"
"2006-05","Canada","2016A000011124","Total, new motor vehicles","Total, country of manufacture","Dollars","Unadjusted","Dollars","81","thousands","3","v42169913","1.1.1.2.1","5505594","","","","0"
"2006-06","Canada","2016A000011124","Total, new motor vehicles","Total, country of manufacture","Dollars","Unadjusted","Dollars","81","thousands","3","v42169913","1.1.1.2.1","5190119","","","","0"
"2006-07","Canada","2016A000011124","Total, new motor vehicles","Total, country of manufacture","Dollars","Unadjusted","Dollars","81","thousands","3","v42169913","1.1.1.2.1","4593190","","","","0"
"2006-08","Canada","2016A000011124","Total, new motor vehicles","Total, country of manufacture","Dollars","Unadjusted","Dollars","81","thousands","3","v42169913","1.1.1.2.1","5003098","","","","0"
"2006-09","Canada","2016A000011124","Total, new motor vehicles","Total, country of manufacture","Dollars","Unadjusted","Dollars","81","thousands","3","v42169913","1.1.1.2.1","4551778","","","","0"
"2006-10","Canada","2016A000011124","Total, new motor vehicles","Total, country of manufacture","Dollars","Unadjusted","Dollars","81","thousands","3","v42169913","1.1.1.2.1","4117566","","","","0"
"2006-11","Canada","2016A000011124","Total, new motor vehicles","Total, country of manufacture","Dollars","Unadjusted","Dollars","81","thousands","3","v42169913","1.1.1.2.1","4230872","","","","0"
"2006-12","Canada","2016A000011124","Total, new motor vehicles","Total, country of manufacture","Dollars","Unadjusted","Dollars","81","thousands","3","v42169913","1.1.1.2.1","4423928","","","","0"
"2007-01","Canada","2016A000011124","Total, new motor vehicles","Total, country of manufacture","Dollars","Unadjusted","Dollars","81","thousands","3","v42169913","1.1.1.2.1","3133627","","","","0"
"2007-02","Canada","2016A000011124","Total, new motor vehicles","Total, country of manufacture","Dollars","Unadjusted","Dollars","81","thousands","3","v42169913","1.1.1.2.1","3315696","","","","0"
"2007-03","Canada","2016A000011124","Total, new motor vehicles","Total, country of manufacture","Dollars","Unadjusted","Dollars","81","thousands","3","v42169913","1.1.1.2.1","5011240","","","","0"
"2007-04","Canada","2016A000011124","Total, new motor vehicles","Total, country of manufacture","Dollars","Unadjusted","Dollars","81","thousands","3","v42169913","1.1.1.2.1","5386679","","","","0"
"2007-05","Canada","2016A000011124","Total, new motor vehicles","Total, country of manufacture","Dollars","Unadjusted","Dollars","81","thousands","3","v42169913","1.1.1.2.1","5854394","","","","0"
"2007-06","Canada","2016A000011124","Total, new motor vehicles","Total, country of manufacture","Dollars","Unadjusted","Dollars","81","thousands","3","v42169913","1.1.1.2.1","5348247","","","","0"
"2007-07","Canada","2016A000011124","Total, new motor vehicles","Total, country of manufacture","Dollars","Unadjusted","Dollars","81","thousands","3","v42169913","1.1.1.2.1","4471995","","","","0"
"2007-08","Canada","2016A000011124","Total, new motor vehicles","Total, country of manufacture","Dollars","Unadjusted","Dollars","81","thousands","3","v42169913","1.1.1.2.1","4906210","","","","0"
"2007-09","Canada","2016A000011124","Total, new motor vehicles","Total, country of manufacture","Dollars","Unadjusted","Dollars","81","thousands","3","v42169913","1.1.1.2.1","4192666","","","","0"
"2007-10","Canada","2016A000011124","Total, new motor vehicles","Total, country of manufacture","Dollars","Unadjusted","Dollars","81","thousands","3","v42169913","1.1.1.2.1","3989014","","","","0"
"2007-11","Canada","2016A000011124","Total, new motor vehicles","Total, country of manufacture","Dollars","Unadjusted","Dollars","81","thousands","3","v42169913","1.1.1.2.1","3907470","","","","0"
"2007-12","Canada","2016A000011124","Total, new motor vehicles","Total, country of manufacture","Dollars","Unadjusted","Dollars","81","thousands","3","v42169913","1.1.1.2.1","4159628","","","","0"
"2008-01","Canada","2016A000011124","Total, new motor vehicles","Total, country of manufacture","Dollars","Unadjusted","Dollars","81","thousands","3","v42169913","1.1.1.2.1","3386322","","","","0"
"2008-02","Canada","2016A000011124","Total, new motor vehicles","Total, country of manufacture","Dollars","Unadjusted","Dollars","81","thousands","3","v42169913","1.1.1.2.1","3560284","","","","0"
"2008-03","Canada","2016A000011124","Total, new motor vehicles","Total, country of manufacture","Dollars","Unadjusted","Dollars","81","thousands","3","v42169913","1.1.1.2.1","4775620","","","","0"
"2008-04","Canada","2016A000011124","Total, new motor vehicles","Total, country of manufacture","Dollars","Unadjusted","Dollars","81","thousands","3","v42169913","1.1.1.2.1","5502356","","","","0"
"2008-05","Canada","2016A000011124","Total, new motor vehicles","Total, country of manufacture","Dollars","Unadjusted","Dollars","81","thousands","3","v42169913","1.1.1.2.1","5583623","","","","0"
"2008-06","Canada","2016A000011124","Total, new motor vehicles","Total, country of manufacture","Dollars","Unadjusted","Dollars","81","thousands","3","v42169913","1.1.1.2.1","4935721","","","","0"
"2008-07","Canada","2016A000011124","Total, new motor vehicles","Total, country of manufacture","Dollars","Unadjusted","Dollars","81","thousands","3","v42169913","1.1.1.2.1","4603855","","","","0"
"2008-08","Canada","2016A000011124","Total, new motor vehicles","Total, country of manufacture","Dollars","Unadjusted","Dollars","81","thousands","3","v42169913","1.1.1.2.1","4484657","","","","0"
"2008-09","Canada","2016A000011124","Total, new motor vehicles","Total, country of manufacture","Dollars","Unadjusted","Dollars","81","thousands","3","v42169913","1.1.1.2.1","4196301","","","","0"
"2008-10","Canada","2016A000011124","Total, new motor vehicles","Total, country of manufacture","Dollars","Unadjusted","Dollars","81","thousands","3","v42169913","1.1.1.2.1","3955760","","","","0"
"2008-11","Canada","2016A000011124","Total, new motor vehicles","Total, country of manufacture","Dollars","Unadjusted","Dollars","81","thousands","3","v42169913","1.1.1.2.1","3392779","","","","0"
"2008-12","Canada","2016A000011124","Total, new motor vehicles","Total, country of manufacture","Dollars","Unadjusted","Dollars","81","thousands","3","v42169913","1.1.1.2.1","3188261","","","","0"
"2009-01","Canada","2016A000011124","Total, new motor vehicles","Total, country of manufacture","Dollars","Unadjusted","Dollars","81","thousands","3","v42169913","1.1.1.2.1","2474417","","","","0"
"2009-02","Canada","2016A000011124","Total, new motor vehicles","Total, country of manufacture","Dollars","Unadjusted","Dollars","81","thousands","3","v42169913","1.1.1.2.1","2555416","","","","0"
"2009-03","Canada","2016A000011124","Total, new motor vehicles","Total, country of manufacture","Dollars","Unadjusted","Dollars","81","thousands","3","v42169913","1.1.1.2.1","4023591","","","","0"
"2009-04","Canada","2016A000011124","Total, new motor vehicles","Total, country of manufacture","Dollars","Unadjusted","Dollars","81","thousands","3","v42169913","1.1.1.2.1","4414203","","","","0"
"2009-05","Canada","2016A000011124","Total, new motor vehicles","Total, country of manufacture","Dollars","Unadjusted","Dollars","81","thousands","3","v42169913","1.1.1.2.1","4824893","","","","0"
"2009-06","Canada","2016A000011124","Total, new motor vehicles","Total, country of manufacture","Dollars","Unadjusted","Dollars","81","thousands","3","v42169913","1.1.1.2.1","4461372","","","","0"
"2009-07","Canada","2016A000011124","Total, new motor vehicles","Total, country of manufacture","Dollars","Unadjusted","Dollars","81","thousands","3","v42169913","1.1.1.2.1","4372313","","","","0"
"2009-08","Canada","2016A000011124","Total, new motor vehicles","Total, country of manufacture","Dollars","Unadjusted","Dollars","81","thousands","3","v42169913","1.1.1.2.1","4365353","","","","0"
"2009-09","Canada","2016A000011124","Total, new motor vehicles","Total, country of manufacture","Dollars","Unadjusted","Dollars","81","thousands","3","v42169913","1.1.1.2.1","4166515","","","","0"
"2009-10","Canada","2016A000011124","Total, new motor vehicles","Total, country of manufacture","Dollars","Unadjusted","Dollars","81","thousands","3","v42169913","1.1.1.2.1","4036810","","","","0"
"2009-11","Canada","2016A000011124","Total, new motor vehicles","Total, country of manufacture","Dollars","Unadjusted","Dollars","81","thousands","3","v42169913","1.1.1.2.1","3437215","","","","0"
"2009-12","Canada","2016A000011124","Total, new motor vehicles","Total, country of manufacture","Dollars","Unadjusted","Dollars","81","thousands","3","v42169913","1.1.1.2.1","3805490","","","","0"
"2010-01","Canada","2016A000011124","Total, new motor vehicles","Total, country of manufacture","Dollars","Unadjusted","Dollars","81","thousands","3","v42169913","1.1.1.2.1","2834682","","","","0"
"2010-02","Canada","2016A000011124","Total, new motor vehicles","Total, country of manufacture","Dollars","Unadjusted","Dollars","81","thousands","3","v42169913","1.1.1.2.1","3307185","","","","0"
"2010-03","Canada","2016A000011124","Total, new motor vehicles","Total, country of manufacture","Dollars","Unadjusted","Dollars","81","thousands","3","v42169913","1.1.1.2.1","4817510","","","","0"
"2010-04","Canada","2016A000011124","Total, new motor vehicles","Total, country of manufacture","Dollars","Unadjusted","Dollars","81","thousands","3","v42169913","1.1.1.2.1","4974619","","","","0"
"2010-05","Canada","2016A000011124","Total, new motor vehicles","Total, country of manufacture","Dollars","Unadjusted","Dollars","81","thousands","3","v42169913","1.1.1.2.1","4990170","","","","0"
"2010-06","Canada","2016A000011124","Total, new motor vehicles","Total, country of manufacture","Dollars","Unadjusted","Dollars","81","thousands","3","v42169913","1.1.1.2.1","5090394","","","","0"
"2010-07","Canada","2016A000011124","Total, new motor vehicles","Total, country of manufacture","Dollars","Unadjusted","Dollars","81","thousands","3","v42169913","1.1.1.2.1","4853046","","","","0"
"2010-08","Canada","2016A000011124","Total, new motor vehicles","Total, country of manufacture","Dollars","Unadjusted","Dollars","81","thousands","3","v42169913","1.1.1.2.1","4521798","","","","0"
"2010-09","Canada","2016A000011124","Total, new motor vehicles","Total, country of manufacture","Dollars","Unadjusted","Dollars","81","thousands","3","v42169913","1.1.1.2.1","4549860","","","","0"
"2010-10","Canada","2016A000011124","Total, new motor vehicles","Total, country of manufacture","Dollars","Unadjusted","Dollars","81","thousands","3","v42169913","1.1.1.2.1","4216887","","","","0"
"2010-11","Canada","2016A000011124","Total, new motor vehicles","Total, country of manufacture","Dollars","Unadjusted","Dollars","81","thousands","3","v42169913","1.1.1.2.1","4054432","","","","0"
"2010-12","Canada","2016A000011124","Total, new motor vehicles","Total, country of manufacture","Dollars","Unadjusted","Dollars","81","thousands","3","v42169913","1.1.1.2.1","4105026","","","","0"
"2011-01","Canada","2016A000011124","Total, new motor vehicles","Total, country of manufacture","Dollars","Unadjusted","Dollars","81","thousands","3","v42169913","1.1.1.2.1","2965868","","","","0"
"2011-02","Canada","2016A000011124","Total, new motor vehicles","Total, country of manufacture","Dollars","Unadjusted","Dollars","81","thousands","3","v42169913","1.1.1.2.1","3359312","","","","0"
"2011-03","Canada","2016A000011124","Total, new motor vehicles","Total, country of manufacture","Dollars","Unadjusted","Dollars","81","thousands","3","v42169913","1.1.1.2.1","5159286","","","","0"
"2011-04","Canada","2016A000011124","Total, new motor vehicles","Total, country of manufacture","Dollars","Unadjusted","Dollars","81","thousands","3","v42169913","1.1.1.2.1","5325409","","","","0"
"2011-05","Canada","2016A000011124","Total, new motor vehicles","Total, country of manufacture","Dollars","Unadjusted","Dollars","81","thousands","3","v42169913","1.1.1.2.1","5051223","","","","0"
"2011-06","Canada","2016A000011124","Total, new motor vehicles","Total, country of manufacture","Dollars","Unadjusted","Dollars","81","thousands","3","v42169913","1.1.1.2.1","5541638","","","","0"
"2011-07","Canada","2016A000011124","Total, new motor vehicles","Total, country of manufacture","Dollars","Unadjusted","Dollars","81","thousands","3","v42169913","1.1.1.2.1","4693564","","","","0"
"2011-08","Canada","2016A000011124","Total, new motor vehicles","Total, country of manufacture","Dollars","Unadjusted","Dollars","81","thousands","3","v42169913","1.1.1.2.1","4780998","","","","0"
"2011-09","Canada","2016A000011124","Total, new motor vehicles","Total, country of manufacture","Dollars","Unadjusted","Dollars","81","thousands","3","v42169913","1.1.1.2.1","4669021","","","","0"
"2011-10","Canada","2016A000011124","Total, new motor vehicles","Total, country of manufacture","Dollars","Unadjusted","Dollars","81","thousands","3","v42169913","1.1.1.2.1","4437146","","","","0"
"2011-11","Canada","2016A000011124","Total, new motor vehicles","Total, country of manufacture","Dollars","Unadjusted","Dollars","81","thousands","3","v42169913","1.1.1.2.1","4167963","","","","0"
"2011-12","Canada","2016A000011124","Total, new motor vehicles","Total, country of manufacture","Dollars","Unadjusted","Dollars","81","thousands","3","v42169913","1.1.1.2.1","3974503","","","","0"
"2012-01","Canada","2016A000011124","Total, new motor vehicles","Total, country of manufacture","Dollars","Unadjusted","Dollars","81","thousands","3","v42169913","1.1.1.2.1","3348298","","","","0"
"2012-02","Canada","2016A000011124","Total, new motor vehicles","Total, country of manufacture","Dollars","Unadjusted","Dollars","81","thousands","3","v42169913","1.1.1.2.1","3679112","","","","0"
"2012-03","Canada","2016A000011124","Total, new motor vehicles","Total, country of manufacture","Dollars","Unadjusted","Dollars","81","thousands","3","v42169913","1.1.1.2.1","5396923","","","","0"
"2012-04","Canada","2016A000011124","Total, new motor vehicles","Total, country of manufacture","Dollars","Unadjusted","Dollars","81","thousands","3","v42169913","1.1.1.2.1","5271661","","","","0"
"2012-05","Canada","2016A000011124","Total, new motor vehicles","Total, country of manufacture","Dollars","Unadjusted","Dollars","81","thousands","3","v42169913","1.1.1.2.1","5909814","","","","0"
"2012-06","Canada","2016A000011124","Total, new motor vehicles","Total, country of manufacture","Dollars","Unadjusted","Dollars","81","thousands","3","v42169913","1.1.1.2.1","5693440","","","","0"
"2012-07","Canada","2016A000011124","Total, new motor vehicles","Total, country of manufacture","Dollars","Unadjusted","Dollars","81","thousands","3","v42169913","1.1.1.2.1","4972339","","","","0"
"2012-08","Canada","2016A000011124","Total, new motor vehicles","Total, country of manufacture","Dollars","Unadjusted","Dollars","81","thousands","3","v42169913","1.1.1.2.1","5008633","","","","0"
"2012-09","Canada","2016A000011124","Total, new motor vehicles","Total, country of manufacture","Dollars","Unadjusted","Dollars","81","thousands","3","v42169913","1.1.1.2.1","4828816","","","","0"
"2012-10","Canada","2016A000011124","Total, new motor vehicles","Total, country of manufacture","Dollars","Unadjusted","Dollars","81","thousands","3","v42169913","1.1.1.2.1","4638168","","","","0"
"2012-11","Canada","2016A000011124","Total, new motor vehicles","Total, country of manufacture","Dollars","Unadjusted","Dollars","81","thousands","3","v42169913","1.1.1.2.1","4331407","","","","0"
"2012-12","Canada","2016A000011124","Total, new motor vehicles","Total, country of manufacture","Dollars","Unadjusted","Dollars","81","thousands","3","v42169913","1.1.1.2.1","3866028","","","","0"
"2013-01","Canada","2016A000011124","Total, new motor vehicles","Total, country of manufacture","Dollars","Unadjusted","Dollars","81","thousands","3","v42169913","1.1.1.2.1","3417225","","","","0"
"2013-02","Canada","2016A000011124","Total, new motor vehicles","Total, country of manufacture","Dollars","Unadjusted","Dollars","81","thousands","3","v42169913","1.1.1.2.1","3642985","","","","0"
"2013-03","Canada","2016A000011124","Total, new motor vehicles","Total, country of manufacture","Dollars","Unadjusted","Dollars","81","thousands","3","v42169913","1.1.1.2.1","5446411","","","","0"
"2013-04","Canada","2016A000011124","Total, new motor vehicles","Total, country of manufacture","Dollars","Unadjusted","Dollars","81","thousands","3","v42169913","1.1.1.2.1","5991964","","","","0"
"2013-05","Canada","2016A000011124","Total, new motor vehicles","Total, country of manufacture","Dollars","Unadjusted","Dollars","81","thousands","3","v42169913","1.1.1.2.1","6354237","","","","0"
"2013-06","Canada","2016A000011124","Total, new motor vehicles","Total, country of manufacture","Dollars","Unadjusted","Dollars","81","thousands","3","v42169913","1.1.1.2.1","5905953","","","","0"
"2013-07","Canada","2016A000011124","Total, new motor vehicles","Total, country of manufacture","Dollars","Unadjusted","Dollars","81","thousands","3","v42169913","1.1.1.2.1","5439723","","","","0"
"2013-08","Canada","2016A000011124","Total, new motor vehicles","Total, country of manufacture","Dollars","Unadjusted","Dollars","81","thousands","3","v42169913","1.1.1.2.1","5419180","","","","0"
"2013-09","Canada","2016A000011124","Total, new motor vehicles","Total, country of manufacture","Dollars","Unadjusted","Dollars","81","thousands","3","v42169913","1.1.1.2.1","5212522","","","","0"
"2013-10","Canada","2016A000011124","Total, new motor vehicles","Total, country of manufacture","Dollars","Unadjusted","Dollars","81","thousands","3","v42169913","1.1.1.2.1","5175550","","","","0"
"2013-11","Canada","2016A000011124","Total, new motor vehicles","Total, country of manufacture","Dollars","Unadjusted","Dollars","81","thousands","3","v42169913","1.1.1.2.1","4718693","","","","0"
"2013-12","Canada","2016A000011124","Total, new motor vehicles","Total, country of manufacture","Dollars","Unadjusted","Dollars","81","thousands","3","v42169913","1.1.1.2.1","4166792","","","","0"
"2014-01","Canada","2016A000011124","Total, new motor vehicles","Total, country of manufacture","Dollars","Unadjusted","Dollars","81","thousands","3","v42169913","1.1.1.2.1","3461575","","","","0"
"2014-02","Canada","2016A000011124","Total, new motor vehicles","Total, country of manufacture","Dollars","Unadjusted","Dollars","81","thousands","3","v42169913","1.1.1.2.1","3779018","","","","0"
"2014-03","Canada","2016A000011124","Total, new motor vehicles","Total, country of manufacture","Dollars","Unadjusted","Dollars","81","thousands","3","v42169913","1.1.1.2.1","5682849","","","","0"
"2014-04","Canada","2016A000011124","Total, new motor vehicles","Total, country of manufacture","Dollars","Unadjusted","Dollars","81","thousands","3","v42169913","1.1.1.2.1","6278892","","","","0"
"2014-05","Canada","2016A000011124","Total, new motor vehicles","Total, country of manufacture","Dollars","Unadjusted","Dollars","81","thousands","3","v42169913","1.1.1.2.1","6884962","","","","0"
"2014-06","Canada","2016A000011124","Total, new motor vehicles","Total, country of manufacture","Dollars","Unadjusted","Dollars","81","thousands","3","v42169913","1.1.1.2.1","6266851","","","","0"
"2014-07","Canada","2016A000011124","Total, new motor vehicles","Total, country of manufacture","Dollars","Unadjusted","Dollars","81","thousands","3","v42169913","1.1.1.2.1","6277118","","","","0"
"2014-08","Canada","2016A000011124","Total, new motor vehicles","Total, country of manufacture","Dollars","Unadjusted","Dollars","81","thousands","3","v42169913","1.1.1.2.1","6021329","","","","0"
"2014-09","Canada","2016A000011124","Total, new motor vehicles","Total, country of manufacture","Dollars","Unadjusted","Dollars","81","thousands","3","v42169913","1.1.1.2.1","6094943","","","","0"
"2014-10","Canada","2016A000011124","Total, new motor vehicles","Total, country of manufacture","Dollars","Unadjusted","Dollars","81","thousands","3","v42169913","1.1.1.2.1","5681354","","","","0"
"2014-11","Canada","2016A000011124","Total, new motor vehicles","Total, country of manufacture","Dollars","Unadjusted","Dollars","81","thousands","3","v42169913","1.1.1.2.1","5074899","","","","0"
"2014-12","Canada","2016A000011124","Total, new motor vehicles","Total, country of manufacture","Dollars","Unadjusted","Dollars","81","thousands","3","v42169913","1.1.1.2.1","5009469","","","","0"
"2015-01","Canada","2016A000011124","Total, new motor vehicles","Total, country of manufacture","Dollars","Unadjusted","Dollars","81","thousands","3","v42169913","1.1.1.2.1","3729812","","","","0"
"2015-02","Canada","2016A000011124","Total, new motor vehicles","Total, country of manufacture","Dollars","Unadjusted","Dollars","81","thousands","3","v42169913","1.1.1.2.1","4118142","","","","0"
"2015-03","Canada","2016A000011124","Total, new motor vehicles","Total, country of manufacture","Dollars","Unadjusted","Dollars","81","thousands","3","v42169913","1.1.1.2.1","5967542","","","","0"
"2015-04","Canada","2016A000011124","Total, new motor vehicles","Total, country of manufacture","Dollars","Unadjusted","Dollars","81","thousands","3","v42169913","1.1.1.2.1","6910768","","","","0"
"2015-05","Canada","2016A000011124","Total, new motor vehicles","Total, country of manufacture","Dollars","Unadjusted","Dollars","81","thousands","3","v42169913","1.1.1.2.1","7189418","","","","0"
"2015-06","Canada","2016A000011124","Total, new motor vehicles","Total, country of manufacture","Dollars","Unadjusted","Dollars","81","thousands","3","v42169913","1.1.1.2.1","6667610","","","","0"
"2015-07","Canada","2016A000011124","Total, new motor vehicles","Total, country of manufacture","Dollars","Unadjusted","Dollars","81","thousands","3","v42169913","1.1.1.2.1","6512342","","","","0"
"2015-08","Canada","2016A000011124","Total, new motor vehicles","Total, country of manufacture","Dollars","Unadjusted","Dollars","81","thousands","3","v42169913","1.1.1.2.1","6409757","","","","0"
"2015-09","Canada","2016A000011124","Total, new motor vehicles","Total, country of manufacture","Dollars","Unadjusted","Dollars","81","thousands","3","v42169913","1.1.1.2.1","6570649","","","","0"
"2015-10","Canada","2016A000011124","Total, new motor vehicles","Total, country of manufacture","Dollars","Unadjusted","Dollars","81","thousands","3","v42169913","1.1.1.2.1","6084201","","","","0"
"2015-11","Canada","2016A000011124","Total, new motor vehicles","Total, country of manufacture","Dollars","Unadjusted","Dollars","81","thousands","3","v42169913","1.1.1.2.1","5478891","","","","0"
"2015-12","Canada","2016A000011124","Total, new motor vehicles","Total, country of manufacture","Dollars","Unadjusted","Dollars","81","thousands","3","v42169913","1.1.1.2.1","5126074","","","","0"
"2016-01","Canada","2016A000011124","Total, new motor vehicles","Total, country of manufacture","Dollars","Unadjusted","Dollars","81","thousands","3","v42169913","1.1.1.2.1","4295419","","","","0"
"2016-02","Canada","2016A000011124","Total, new motor vehicles","Total, country of manufacture","Dollars","Unadjusted","Dollars","81","thousands","3","v42169913","1.1.1.2.1","4728596","","","","0"
"2016-03","Canada","2016A000011124","Total, new motor vehicles","Total, country of manufacture","Dollars","Unadjusted","Dollars","81","thousands","3","v42169913","1.1.1.2.1","6745037","","","","0"
"2016-04","Canada","2016A000011124","Total, new motor vehicles","Total, country of manufacture","Dollars","Unadjusted","Dollars","81","thousands","3","v42169913","1.1.1.2.1","7570371","","","","0"
"2016-05","Canada","2016A000011124","Total, new motor vehicles","Total, country of manufacture","Dollars","Unadjusted","Dollars","81","thousands","3","v42169913","1.1.1.2.1","7379863","","","","0"
"2016-06","Canada","2016A000011124","Total, new motor vehicles","Total, country of manufacture","Dollars","Unadjusted","Dollars","81","thousands","3","v42169913","1.1.1.2.1","7258509","","","","0"
"2016-07","Canada","2016A000011124","Total, new motor vehicles","Total, country of manufacture","Dollars","Unadjusted","Dollars","81","thousands","3","v42169913","1.1.1.2.1","6654406","","","","0"
"2016-08","Canada","2016A000011124","Total, new motor vehicles","Total, country of manufacture","Dollars","Unadjusted","Dollars","81","thousands","3","v42169913","1.1.1.2.1","6691685","","","","0"
"2016-09","Canada","2016A000011124","Total, new motor vehicles","Total, country of manufacture","Dollars","Unadjusted","Dollars","81","thousands","3","v42169913","1.1.1.2.1","6942118","","","","0"
"2016-10","Canada","2016A000011124","Total, new motor vehicles","Total, country of manufacture","Dollars","Unadjusted","Dollars","81","thousands","3","v42169913","1.1.1.2.1","6121957","","","","0"
"2016-11","Canada","2016A000011124","Total, new motor vehicles","Total, country of manufacture","Dollars","Unadjusted","Dollars","81","thousands","3","v42169913","1.1.1.2.1","6467708","","","","0"
"2016-12","Canada","2016A000011124","Total, new motor vehicles","Total, country of manufacture","Dollars","Unadjusted","Dollars","81","thousands","3","v42169913","1.1.1.2.1","5268834","","","","0"
"2017-01","Canada","2016A000011124","Total, new motor vehicles","Total, country of manufacture","Dollars","Unadjusted","Dollars","81","thousands","3","v42169913","1.1.1.2.1","4538110","","","","0"
"2017-02","Canada","2016A000011124","Total, new motor vehicles","Total, country of manufacture","Dollars","Unadjusted","Dollars","81","thousands","3","v42169913","1.1.1.2.1","5022160","","","","0"
"2017-03","Canada","2016A000011124","Total, new motor vehicles","Total, country of manufacture","Dollars","Unadjusted","Dollars","81","thousands","3","v42169913","1.1.1.2.1","7537573","","","","0"
"2017-04","Canada","2016A000011124","Total, new motor vehicles","Total, country of manufacture","Dollars","Unadjusted","Dollars","81","thousands","3","v42169913","1.1.1.2.1","7925441","","","","0"
"2017-05","Canada","2016A000011124","Total, new motor vehicles","Total, country of manufacture","Dollars","Unadjusted","Dollars","81","thousands","3","v42169913","1.1.1.2.1","8590484","","","","0"
"2017-06","Canada","2016A000011124","Total, new motor vehicles","Total, country of manufacture","Dollars","Unadjusted","Dollars","81","thousands","3","v42169913","1.1.1.2.1","8299645","","","","0"
"2017-07","Canada","2016A000011124","Total, new motor vehicles","Total, country of manufacture","Dollars","Unadjusted","Dollars","81","thousands","3","v42169913","1.1.1.2.1","7295374","","","","0"
"2017-08","Canada","2016A000011124","Total, new motor vehicles","Total, country of manufacture","Dollars","Unadjusted","Dollars","81","thousands","3","v42169913","1.1.1.2.1","7488038","","","","0"
"2017-09","Canada","2016A000011124","Total, new motor vehicles","Total, country of manufacture","Dollars","Unadjusted","Dollars","81","thousands","3","v42169913","1.1.1.2.1","7694331","","","","0"
"2017-10","Canada","2016A000011124","Total, new motor vehicles","Total, country of manufacture","Dollars","Unadjusted","Dollars","81","thousands","3","v42169913","1.1.1.2.1","6915797","","","","0"
"2017-11","Canada","2016A000011124","Total, new motor vehicles","Total, country of manufacture","Dollars","Unadjusted","Dollars","81","thousands","3","v42169913","1.1.1.2.1","6764403","","","","0"
"2017-12","Canada","2016A000011124","Total, new motor vehicles","Total, country of manufacture","Dollars","Unadjusted","Dollars","81","thousands","3","v42169913","1.1.1.2.1","5530452","","","","0"
"2018-01","Canada","2016A000011124","Total, new motor vehicles","Total, country of manufacture","Dollars","Unadjusted","Dollars","81","thousands","3","v42169913","1.1.1.2.1","5006244","","","","0"
"2018-02","Canada","2016A000011124","Total, new motor vehicles","Total, country of manufacture","Dollars","Unadjusted","Dollars","81","thousands","3","v42169913","1.1.1.2.1","5354688","","","","0"
"2018-03","Canada","2016A000011124","Total, new motor vehicles","Total, country of manufacture","Dollars","Unadjusted","Dollars","81","thousands","3","v42169913","1.1.1.2.1","8040083","","","","0"
"2018-04","Canada","2016A000011124","Total, new motor vehicles","Total, country of manufacture","Dollars","Unadjusted","Dollars","81","thousands","3","v42169913","1.1.1.2.1","8249951","","","","0"
"2018-05","Canada","2016A000011124","Total, new motor vehicles","Total, country of manufacture","Dollars","Unadjusted","Dollars","81","thousands","3","v42169913","1.1.1.2.1","9281703","","","","0"
"2018-06","Canada","2016A000011124","Total, new motor vehicles","Total, country of manufacture","Dollars","Unadjusted","Dollars","81","thousands","3","v42169913","1.1.1.2.1","8634033","","","","0"
"2018-07","Canada","2016A000011124","Total, new motor vehicles","Total, country of manufacture","Dollars","Unadjusted","Dollars","81","thousands","3","v42169913","1.1.1.2.1","7365887","","","","0"
"2018-08","Canada","2016A000011124","Total, new motor vehicles","Total, country of manufacture","Dollars","Unadjusted","Dollars","81","thousands","3","v42169913","1.1.1.2.1","7394498","","","","0"
"2018-09","Canada","2016A000011124","Total, new motor vehicles","Total, country of manufacture","Dollars","Unadjusted","Dollars","81","thousands","3","v42169913","1.1.1.2.1","7628266","","","","0"
"2018-10","Canada","2016A000011124","Total, new motor vehicles","Total, country of manufacture","Dollars","Unadjusted","Dollars","81","thousands","3","v42169913","1.1.1.2.1","7097044","","","","0"
"2018-11","Canada","2016A000011124","Total, new motor vehicles","Total, country of manufacture","Dollars","Unadjusted","Dollars","81","thousands","3","v42169913","1.1.1.2.1","6766437","","","","0"
"2018-12","Canada","2016A000011124","Total, new motor vehicles","Total, country of manufacture","Dollars","Unadjusted","Dollars","81","thousands","3","v42169913","1.1.1.2.1","5400236","","","","0"
"2019-01","Canada","2016A000011124","Total, new motor vehicles","Total, country of manufacture","Dollars","Unadjusted","Dollars","81","thousands","3","v42169913","1.1.1.2.1","4856206","","","","0"
"2019-02","Canada","2016A000011124","Total, new motor vehicles","Total, country of manufacture","Dollars","Unadjusted","Dollars","81","thousands","3","v42169913","1.1.1.2.1","5360981","","","","0"
"2019-03","Canada","2016A000011124","Total, new motor vehicles","Total, country of manufacture","Dollars","Unadjusted","Dollars","81","thousands","3","v42169913","1.1.1.2.1","8172306","","","","0"
"2019-04","Canada","2016A000011124","Total, new motor vehicles","Total, country of manufacture","Dollars","Unadjusted","Dollars","81","thousands","3","v42169913","1.1.1.2.1","8126000","","","","0"
"2019-05","Canada","2016A000011124","Total, new motor vehicles","Total, country of manufacture","Dollars","Unadjusted","Dollars","81","thousands","3","v42169913","1.1.1.2.1","8938556","","","","0"
"2019-06","Canada","2016A000011124","Total, new motor vehicles","Total, country of manufacture","Dollars","Unadjusted","Dollars","81","thousands","3","v42169913","1.1.1.2.1","8400102","","","","0"
"2019-07","Canada","2016A000011124","Total, new motor vehicles","Total, country of manufacture","Dollars","Unadjusted","Dollars","81","thousands","3","v42169913","1.1.1.2.1","7590172","","","","0"
"2019-08","Canada","2016A000011124","Total, new motor vehicles","Total, country of manufacture","Dollars","Unadjusted","Dollars","81","thousands","3","v42169913","1.1.1.2.1","8066498","","","","0"
"2019-09","Canada","2016A000011124","Total, new motor vehicles","Total, country of manufacture","Dollars","Unadjusted","Dollars","81","thousands","3","v42169913","1.1.1.2.1","7673545","","","","0"
"2019-10","Canada","2016A000011124","Total, new motor vehicles","Total, country of manufacture","Dollars","Unadjusted","Dollars","81","thousands","3","v42169913","1.1.1.2.1","7116489","","","","0"
"2019-11","Canada","2016A000011124","Total, new motor vehicles","Total, country of manufacture","Dollars","Unadjusted","Dollars","81","thousands","3","v42169913","1.1.1.2.1","6522466","","","","0"
"2019-12","Canada","2016A000011124","Total, new motor vehicles","Total, country of manufacture","Dollars","Unadjusted","Dollars","81","thousands","3","v42169913","1.1.1.2.1","5446466","","","","0"
"2020-01","Canada","2016A000011124","Total, new motor vehicles","Total, country of manufacture","Dollars","Unadjusted","Dollars","81","thousands","3","v42169913","1.1.1.2.1","5064648","","","","0"
"2020-02","Canada","2016A000011124","Total, new motor vehicles","Total, country of manufacture","Dollars","Unadjusted","Dollars","81","thousands","3","v42169913","1.1.1.2.1","5683474","","","","0"
"2020-03","Canada","2016A000011124","Total, new motor vehicles","Total, country of manufacture","Dollars","Unadjusted","Dollars","81","thousands","3","v42169913","1.1.1.2.1","4574108","","","","0"
"2020-04","Canada","2016A000011124","Total, new motor vehicles","Total, country of manufacture","Dollars","Unadjusted","Dollars","81","thousands","3","v42169913","1.1.1.2.1","2305372","","","","0"
"2020-05","Canada","2016A000011124","Total, new motor vehicles","Total, country of manufacture","Dollars","Unadjusted","Dollars","81","thousands","3","v42169913","1.1.1.2.1","5194076","","","","0"
"2020-06","Canada","2016A000011124","Total, new motor vehicles","Total, country of manufacture","Dollars","Unadjusted","Dollars","81","thousands","3","v42169913","1.1.1.2.1","7362400","","","","0"
"2020-07","Canada","2016A000011124","Total, new motor vehicles","Total, country of manufacture","Dollars","Unadjusted","Dollars","81","thousands","3","v42169913","1.1.1.2.1","7419854","","","","0"
"2020-08","Canada","2016A000011124","Total, new motor vehicles","Total, country of manufacture","Dollars","Unadjusted","Dollars","81","thousands","3","v42169913","1.1.1.2.1","7610737","","","","0"
"2020-09","Canada","2016A000011124","Total, new motor vehicles","Total, country of manufacture","Dollars","Unadjusted","Dollars","81","thousands","3","v42169913","1.1.1.2.1","7923905","","","","0"
"2020-10","Canada","2016A000011124","Total, new motor vehicles","Total, country of manufacture","Dollars","Unadjusted","Dollars","81","thousands","3","v42169913","1.1.1.2.1","7117901","","","","0"
"2020-11","Canada","2016A000011124","Total, new motor vehicles","Total, country of manufacture","Dollars","Unadjusted","Dollars","81","thousands","3","v42169913","1.1.1.2.1","6152460","","","","0"
"2020-12","Canada","2016A000011124","Total, new motor vehicles","Total, country of manufacture","Dollars","Unadjusted","Dollars","81","thousands","3","v42169913","1.1.1.2.1","5486010","","","","0"
"2021-01","Canada","2016A000011124","Total, new motor vehicles","Total, country of manufacture","Dollars","Unadjusted","Dollars","81","thousands","3","v42169913","1.1.1.2.1","4264807","","","","0"
"2021-02","Canada","2016A000011124","Total, new motor vehicles","Total, country of manufacture","Dollars","Unadjusted","Dollars","81","thousands","3","v42169913","1.1.1.2.1","5446854","","","","0"
"2021-03","Canada","2016A000011124","Total, new motor vehicles","Total, country of manufacture","Dollars","Unadjusted","Dollars","81","thousands","3","v42169913","1.1.1.2.1","8234794","","","","0"
"2021-04","Canada","2016A000011124","Total, new motor vehicles","Total, country of manufacture","Dollars","Unadjusted","Dollars","81","thousands","3","v42169913","1.1.1.2.1","7831843","","","","0"
"2021-05","Canada","2016A000011124","Total, new motor vehicles","Total, country of manufacture","Dollars","Unadjusted","Dollars","81","thousands","3","v42169913","1.1.1.2.1","7206673","","","","0"
"2021-06","Canada","2016A000011124","Total, new motor vehicles","Total, country of manufacture","Dollars","Unadjusted","Dollars","81","thousands","3","v42169913","1.1.1.2.1","7885361","","","","0"
"2021-07","Canada","2016A000011124","Total, new motor vehicles","Total, country of manufacture","Dollars","Unadjusted","Dollars","81","thousands","3","v42169913","1.1.1.2.1","7308461","","","","0"
"2021-08","Canada","2016A000011124","Total, new motor vehicles","Total, country of manufacture","Dollars","Unadjusted","Dollars","81","thousands","3","v42169913","1.1.1.2.1","7048481","","","","0"
"2021-09","Canada","2016A000011124","Total, new motor vehicles","Total, country of manufacture","Dollars","Unadjusted","Dollars","81","thousands","3","v42169913","1.1.1.2.1","6695905","","","","0"
"2021-10","Canada","2016A000011124","Total, new motor vehicles","Total, country of manufacture","Dollars","Unadjusted","Dollars","81","thousands","3","v42169913","1.1.1.2.1","6398153","","","","0"
"2021-11","Canada","2016A000011124","Total, new motor vehicles","Total, country of manufacture","Dollars","Unadjusted","Dollars","81","thousands","3","v42169913","1.1.1.2.1","6000072","","","","0"
"2021-12","Canada","2016A000011124","Total, new motor vehicles","Total, country of manufacture","Dollars","Unadjusted","Dollars","81","thousands","3","v42169913","1.1.1.2.1","5646858","","","","0"
"2022-01","Canada","2016A000011124","Total, new motor vehicles","Total, country of manufacture","Dollars","Unadjusted","Dollars","81","thousands","3","v42169913","1.1.1.2.1","4823630","","","","0"
"2022-02","Canada","2016A000011124","Total, new motor vehicles","Total, country of manufacture","Dollars","Unadjusted","Dollars","81","thousands","3","v42169913","1.1.1.2.1","5233359","","","","0"
"2022-03","Canada","2016A000011124","Total, new motor vehicles","Total, country of manufacture","Dollars","Unadjusted","Dollars","81","thousands","3","v42169913","1.1.1.2.1","7279073","","","","0"
"2022-04","Canada","2016A000011124","Total, new motor vehicles","Total, country of manufacture","Dollars","Unadjusted","Dollars","81","thousands","3","v42169913","1.1.1.2.1","6986937","","","","0"
"2022-05","Canada","2016A000011124","Total, new motor vehicles","Total, country of manufacture","Dollars","Unadjusted","Dollars","81","thousands","3","v42169913","1.1.1.2.1","7600470","","","","0"
"2022-06","Canada","2016A000011124","Total, new motor vehicles","Total, country of manufacture","Dollars","Unadjusted","Dollars","81","thousands","3","v42169913","1.1.1.2.1","8098162","","","","0"
"2022-07","Canada","2016A000011124","Total, new motor vehicles","Total, country of manufacture","Dollars","Unadjusted","Dollars","81","thousands","3","v42169913","1.1.1.2.1","6914791","","","","0"
"2022-08","Canada","2016A000011124","Total, new motor vehicles","Total, country of manufacture","Dollars","Unadjusted","Dollars","81","thousands","3","v42169913","1.1.1.2.1","7381156","","","","0"
"2022-09","Canada","2016A000011124","Total, new motor vehicles","Total, country of manufacture","Dollars","Unadjusted","Dollars","81","thousands","3","v42169913","1.1.1.2.1","7369580","","","","0"
"2022-10","Canada","2016A000011124","Total, new motor vehicles","Total, country of manufacture","Dollars","Unadjusted","Dollars","81","thousands","3","v42169913","1.1.1.2.1","6853944","","","","0"
"2022-11","Canada","2016A000011124","Total, new motor vehicles","Total, country of manufacture","Dollars","Unadjusted","Dollars","81","thousands","3","v42169913","1.1.1.2.1","6663305","","","","0"
"2022-12","Canada","2016A000011124","Total, new motor vehicles","Total, country of manufacture","Dollars","Unadjusted","Dollars","81","thousands","3","v42169913","1.1.1.2.1","6135048","","","","0"
"2023-01","Canada","2016A000011124","Total, new motor vehicles","Total, country of manufacture","Dollars","Unadjusted","Dollars","81","thousands","3","v42169913","1.1.1.2.1","5851062","","","","0"
"2023-02","Canada","2016A000011124","Total, new motor vehicles","Total, country of manufacture","Dollars","Unadjusted","Dollars","81","thousands","3","v42169913","1.1.1.2.1","6174969","","","","0"
"2023-03","Canada","2016A000011124","Total, new motor vehicles","Total, country of manufacture","Dollars","Unadjusted","Dollars","81","thousands","3","v42169913","1.1.1.2.1","8483490","","","","0"
"2023-04","Canada","2016A000011124","Total, new motor vehicles","Total, country of manufacture","Dollars","Unadjusted","Dollars","81","thousands","3","v42169913","1.1.1.2.1","8252891","","","","0"
"2023-05","Canada","2016A000011124","Total, new motor vehicles","Total, country of manufacture","Dollars","Unadjusted","Dollars","81","thousands","3","v42169913","1.1.1.2.1","9648708","","","","0"
"2023-06","Canada","2016A000011124","Total, new motor vehicles","Total, country of manufacture","Dollars","Unadjusted","Dollars","81","thousands","3","v42169913","1.1.1.2.1","9352513","","","","0"
"2023-07","Canada","2016A000011124","Total, new motor vehicles","Total, country of manufacture","Dollars","Unadjusted","Dollars","81","thousands","3","v42169913","1.1.1.2.1","8190694","","","","0"
"2023-08","Canada","2016A000011124","Total, new motor vehicles","Total, country of manufacture","Dollars","Unadjusted","Dollars","81","thousands","3","v42169913","1.1.1.2.1","8926326","","","","0"
"2023-09","Canada","2016A000011124","Total, new motor vehicles","Total, country of manufacture","Dollars","Unadjusted","Dollars","81","thousands","3","v42169913","1.1.1.2.1","9154748","","","","0"
"2023-10","Canada","2016A000011124","Total, new motor vehicles","Total, country of manufacture","Dollars","Unadjusted","Dollars","81","thousands","3","v42169913","1.1.1.2.1","8400811","","","","0"
"2023-11","Canada","2016A000011124","Total, new motor vehicles","Total, country of manufacture","Dollars","Unadjusted","Dollars","81","thousands","3","v42169913","1.1.1.2.1","8071438","","","","0"
"2023-12","Canada","2016A000011124","Total, new motor vehicles","Total, country of manufacture","Dollars","Unadjusted","Dollars","81","thousands","3","v42169913","1.1.1.2.1","7455783","","","","0"


